<record><recordSchema>MARC21-xml</recordSchema><recordPacking>xml</recordPacking><recordData><record xmlns="http://www.loc.gov/MARC21/slim" type="Bibliographic">
    <leader>00000nam a2200000 c 4500</leader>
    <controlfield tag="001">1361486112</controlfield>
    <controlfield tag="003">DE-101</controlfield>
    <controlfield tag="005">20251203220305.0</controlfield>
    <controlfield tag="007">tu</controlfield>
    <controlfield tag="008">250327s2025    gw ||||| |||| 00||||ger  </controlfield>
    <datafield tag="015" ind1=" " ind2=" ">
      <subfield code="a">25,B49</subfield>
      <subfield code="2">dnb</subfield>
    </datafield>
    <datafield tag="016" ind1="7" ind2=" ">
      <subfield code="2">DE-101</subfield>
      <subfield code="a">1361486112</subfield>
    </datafield>
    <datafield tag="020" ind1=" " ind2=" ">
      <subfield code="a">9783949924101</subfield>
      <subfield code="c">Broschur</subfield>
      <subfield code="9">978-3-949924-10-1</subfield>
    </datafield>
    <datafield tag="035" ind1=" " ind2=" ">
      <subfield code="a">(DE-599)DNB1361486112</subfield>
    </datafield>
    <datafield tag="035" ind1=" " ind2=" ">
      <subfield code="a">(OCoLC)1558586050</subfield>
    </datafield>
    <datafield tag="040" ind1=" " ind2=" ">
      <subfield code="a">1280</subfield>
      <subfield code="b">ger</subfield>
      <subfield code="c">DE-101</subfield>
      <subfield code="d">9999</subfield>
      <subfield code="e">rda</subfield>
    </datafield>
    <datafield tag="041" ind1=" " ind2=" ">
      <subfield code="a">ger</subfield>
    </datafield>
    <datafield tag="044" ind1=" " ind2=" ">
      <subfield code="c">XA-DE</subfield>
    </datafield>
    <datafield tag="082" ind1="7" ind2="4">
      <subfield code="8">2\p</subfield>
      <subfield code="a">750</subfield>
      <subfield code="q">DE-101</subfield>
      <subfield code="2">23sdnb</subfield>
    </datafield>
    <datafield tag="100" ind1="1" ind2=" ">
      <subfield code="8">1\p</subfield>
      <subfield code="0">(DE-588)137885537X</subfield>
      <subfield code="0">https://d-nb.info/gnd/137885537X</subfield>
      <subfield code="0">(DE-101)137885537X</subfield>
      <subfield code="a">Grupe, Lillien</subfield>
      <subfield code="d">1997-</subfield>
      <subfield code="e">Künstler</subfield>
      <subfield code="4">art</subfield>
      <subfield code="2">gnd</subfield>
    </datafield>
    <datafield tag="245" ind1="1" ind2="0">
      <subfield code="a">Lillien Grupe - Realität(en)?</subfield>
    </datafield>
    <datafield tag="246" ind1="3" ind2=" ">
      <subfield code="a">Lillien Grupe - Realität?</subfield>
    </datafield>
    <datafield tag="246" ind1="3" ind2=" ">
      <subfield code="a">Lillien Grupe - Realitäten?</subfield>
    </datafield>
    <datafield tag="264" ind1=" " ind2="1">
      <subfield code="a">Hannover</subfield>
      <subfield code="b">feinkunst Verlag</subfield>
      <subfield code="c">[2025]</subfield>
    </datafield>
    <datafield tag="300" ind1=" " ind2=" ">
      <subfield code="a">44 Seiten</subfield>
      <subfield code="c">21 cm</subfield>
    </datafield>
    <datafield tag="336" ind1=" " ind2=" ">
      <subfield code="a">unbewegtes Bild</subfield>
      <subfield code="b">sti</subfield>
      <subfield code="2">rdacontent</subfield>
    </datafield>
    <datafield tag="336" ind1=" " ind2=" ">
      <subfield code="a">Text</subfield>
      <subfield code="b">txt</subfield>
      <subfield code="2">rdacontent</subfield>
    </datafield>
    <datafield tag="337" ind1=" " ind2=" ">
      <subfield code="a">ohne Hilfsmittel zu benutzen</subfield>
      <subfield code="b">n</subfield>
      <subfield code="2">rdamedia</subfield>
    </datafield>
    <datafield tag="338" ind1=" " ind2=" ">
      <subfield code="a">Band</subfield>
      <subfield code="b">nc</subfield>
      <subfield code="2">rdacarrier</subfield>
    </datafield>
    <datafield tag="655" ind1=" " ind2="7">
      <subfield code="0">(DE-588)4135467-9</subfield>
      <subfield code="0">https://d-nb.info/gnd/4135467-9</subfield>
      <subfield code="0">(DE-101)041354672</subfield>
      <subfield code="a">Ausstellungskatalog</subfield>
      <subfield code="x">Sprengel Museum</subfield>
      <subfield code="y">15.02.2025-13.04.2025</subfield>
      <subfield code="z">Hannover</subfield>
      <subfield code="2">gnd-content</subfield>
    </datafield>
    <datafield tag="655" ind1=" " ind2="7">
      <subfield code="0">(DE-588)4145395-5</subfield>
      <subfield code="0">https://d-nb.info/gnd/4145395-5</subfield>
      <subfield code="0">(DE-101)041453956</subfield>
      <subfield code="a">Bildband</subfield>
      <subfield code="2">gnd-content</subfield>
    </datafield>
    <datafield tag="850" ind1=" " ind2=" ">
      <subfield code="a">DE-101a</subfield>
      <subfield code="a">DE-101b</subfield>
    </datafield>
    <datafield tag="856" ind1="4" ind2="2">
      <subfield code="m">B:DE-101</subfield>
      <subfield code="q">application/pdf</subfield>
      <subfield code="u">https://d-nb.info/1361486112/04</subfield>
      <subfield code="3">Inhaltsverzeichnis</subfield>
    </datafield>
    <datafield tag="883" ind1="2" ind2=" ">
      <subfield code="8">1\p</subfield>
      <subfield code="a">dnb</subfield>
      <subfield code="d">20251119</subfield>
      <subfield code="q">DE-101</subfield>
      <subfield code="u">https://d-nb.info/provenance/plan#dnb</subfield>
    </datafield>
    <datafield tag="883" ind1="2" ind2=" ">
      <subfield code="8">2\p</subfield>
      <subfield code="a">dnb</subfield>
      <subfield code="d">20251127</subfield>
      <subfield code="q">DE-101</subfield>
      <subfield code="u">https://d-nb.info/provenance/plan#dnb</subfield>
    </datafield>
    <datafield tag="925" ind1="r" ind2=" ">
      <subfield code="a">rb</subfield>
    </datafield>
  </record></recordData><recordPosition>5</recordPosition></record>