<record><recordSchema>MARC21-xml</recordSchema><recordPacking>xml</recordPacking><recordData><record xmlns="http://www.loc.gov/MARC21/slim" type="Bibliographic">
    <leader>00000pam a2200000 c 4500</leader>
    <controlfield tag="001">129318635X</controlfield>
    <controlfield tag="003">DE-101</controlfield>
    <controlfield tag="005">20251119220102.0</controlfield>
    <controlfield tag="007">tu</controlfield>
    <controlfield tag="008">230619s2025    gw ||||| |||| 00||||ger  </controlfield>
    <datafield tag="015" ind1=" " ind2=" ">
      <subfield code="a">25,A47</subfield>
      <subfield code="z">23,N26</subfield>
      <subfield code="2">dnb</subfield>
    </datafield>
    <datafield tag="016" ind1="7" ind2=" ">
      <subfield code="2">DE-101</subfield>
      <subfield code="a">129318635X</subfield>
    </datafield>
    <datafield tag="020" ind1=" " ind2=" ">
      <subfield code="a">9783864424243</subfield>
      <subfield code="c">Festeinband : EUR 39.80 (DE), EUR 41.00 (AT)</subfield>
      <subfield code="9">978-3-86442-424-3</subfield>
    </datafield>
    <datafield tag="020" ind1=" " ind2=" ">
      <subfield code="a">3864424240</subfield>
      <subfield code="9">3-86442-424-0</subfield>
    </datafield>
    <datafield tag="024" ind1="3" ind2=" ">
      <subfield code="a">9783864424243</subfield>
    </datafield>
    <datafield tag="035" ind1=" " ind2=" ">
      <subfield code="a">(DE-599)DNB129318635X</subfield>
    </datafield>
    <datafield tag="035" ind1=" " ind2=" ">
      <subfield code="a">(OCoLC)1519463165</subfield>
    </datafield>
    <datafield tag="040" ind1=" " ind2=" ">
      <subfield code="a">1145</subfield>
      <subfield code="b">ger</subfield>
      <subfield code="c">DE-101</subfield>
      <subfield code="d">9999</subfield>
      <subfield code="e">rda</subfield>
    </datafield>
    <datafield tag="041" ind1=" " ind2=" ">
      <subfield code="a">ger</subfield>
    </datafield>
    <datafield tag="044" ind1=" " ind2=" ">
      <subfield code="c">XA-DE-NW</subfield>
    </datafield>
    <datafield tag="082" ind1="0" ind2="4">
      <subfield code="8">5\u</subfield>
      <subfield code="a">709.041074435954</subfield>
      <subfield code="q">DE-101</subfield>
      <subfield code="2">23/ger</subfield>
    </datafield>
    <datafield tag="083" ind1="7" ind2=" ">
      <subfield code="8">6\p</subfield>
      <subfield code="a">700</subfield>
      <subfield code="a">060</subfield>
      <subfield code="a">943</subfield>
      <subfield code="q">DE-101</subfield>
      <subfield code="2">23sdnb</subfield>
    </datafield>
    <datafield tag="085" ind1=" " ind2=" ">
      <subfield code="8">5\u</subfield>
      <subfield code="b">709.04</subfield>
    </datafield>
    <datafield tag="085" ind1=" " ind2=" ">
      <subfield code="8">5\u</subfield>
      <subfield code="z">1</subfield>
      <subfield code="s">09041</subfield>
    </datafield>
    <datafield tag="085" ind1=" " ind2=" ">
      <subfield code="8">5\u</subfield>
      <subfield code="z">1</subfield>
      <subfield code="s">074</subfield>
    </datafield>
    <datafield tag="085" ind1=" " ind2=" ">
      <subfield code="8">5\u</subfield>
      <subfield code="z">2</subfield>
      <subfield code="s">435954</subfield>
    </datafield>
    <datafield tag="245" ind1="0" ind2="0">
      <subfield code="a">Verfemt - gehandelt</subfield>
      <subfield code="b">die Sammmlung Doebbeke im Zwielicht: von Corinth bis Kirchner</subfield>
      <subfield code="c">herausgegeben von Annette Baumann ; Sprengel Museum Hannover</subfield>
    </datafield>
    <datafield tag="264" ind1=" " ind2="1">
      <subfield code="a">Köln</subfield>
      <subfield code="b">Snoeck</subfield>
      <subfield code="c">[2025]</subfield>
    </datafield>
    <datafield tag="300" ind1=" " ind2=" ">
      <subfield code="a">327 Seiten</subfield>
      <subfield code="b">Illustrationen</subfield>
      <subfield code="c">25 cm, 1080 g</subfield>
    </datafield>
    <datafield tag="336" ind1=" " ind2=" ">
      <subfield code="a">Text</subfield>
      <subfield code="b">txt</subfield>
      <subfield code="2">rdacontent</subfield>
    </datafield>
    <datafield tag="337" ind1=" " ind2=" ">
      <subfield code="a">ohne Hilfsmittel zu benutzen</subfield>
      <subfield code="b">n</subfield>
      <subfield code="2">rdamedia</subfield>
    </datafield>
    <datafield tag="338" ind1=" " ind2=" ">
      <subfield code="a">Band</subfield>
      <subfield code="b">nc</subfield>
      <subfield code="2">rdacarrier</subfield>
    </datafield>
    <datafield tag="600" ind1="1" ind2="7">
      <subfield code="0">(DE-588)126098530</subfield>
      <subfield code="0">https://d-nb.info/gnd/126098530</subfield>
      <subfield code="0">(DE-101)126098530</subfield>
      <subfield code="a">Doebbeke, Conrad</subfield>
      <subfield code="d">1889-1954</subfield>
      <subfield code="9">rswk-swf</subfield>
      <subfield code="2">gnd</subfield>
    </datafield>
    <datafield tag="600" ind1="1" ind2="7">
      <subfield code="0">(DE-588)126098530</subfield>
      <subfield code="0">https://d-nb.info/gnd/126098530</subfield>
      <subfield code="0">(DE-101)126098530</subfield>
      <subfield code="a">Doebbeke, Conrad</subfield>
      <subfield code="d">1889-1954</subfield>
      <subfield code="9">rswk-swf</subfield>
      <subfield code="2">gnd</subfield>
    </datafield>
    <datafield tag="610" ind1="2" ind2="7">
      <subfield code="0">(DE-588)2083948-0</subfield>
      <subfield code="0">https://d-nb.info/gnd/2083948-0</subfield>
      <subfield code="0">(DE-101)007332122</subfield>
      <subfield code="a">Sprengel Museum Hannover</subfield>
      <subfield code="9">rswk-swf</subfield>
      <subfield code="2">gnd</subfield>
    </datafield>
    <datafield tag="648" ind1=" " ind2="7">
      <subfield code="a">Geschichte 1890-1945</subfield>
      <subfield code="9">rswk-swf</subfield>
      <subfield code="2">gnd</subfield>
    </datafield>
    <datafield tag="648" ind1=" " ind2="7">
      <subfield code="a">Geschichte 1949</subfield>
      <subfield code="9">rswk-swf</subfield>
      <subfield code="2">gnd</subfield>
    </datafield>
    <datafield tag="650" ind1=" " ind2="7">
      <subfield code="0">(DE-588)4114333-4</subfield>
      <subfield code="0">https://d-nb.info/gnd/4114333-4</subfield>
      <subfield code="0">(DE-101)041143337</subfield>
      <subfield code="a">Kunst</subfield>
      <subfield code="9">rswk-swf</subfield>
      <subfield code="2">gnd</subfield>
    </datafield>
    <datafield tag="650" ind1=" " ind2="7">
      <subfield code="0">(DE-588)4128844-0</subfield>
      <subfield code="0">https://d-nb.info/gnd/4128844-0</subfield>
      <subfield code="0">(DE-101)041288440</subfield>
      <subfield code="a">Sammlung</subfield>
      <subfield code="9">rswk-swf</subfield>
      <subfield code="2">gnd</subfield>
    </datafield>
    <datafield tag="650" ind1=" " ind2="7">
      <subfield code="0">(DE-588)7697228-8</subfield>
      <subfield code="0">https://d-nb.info/gnd/7697228-8</subfield>
      <subfield code="0">(DE-101)1001334752</subfield>
      <subfield code="a">Provenienzforschung</subfield>
      <subfield code="9">rswk-swf</subfield>
      <subfield code="2">gnd</subfield>
    </datafield>
    <datafield tag="650" ind1=" " ind2="7">
      <subfield code="0">(DE-588)4128844-0</subfield>
      <subfield code="0">https://d-nb.info/gnd/4128844-0</subfield>
      <subfield code="0">(DE-101)041288440</subfield>
      <subfield code="a">Sammlung</subfield>
      <subfield code="9">rswk-swf</subfield>
      <subfield code="2">gnd</subfield>
    </datafield>
    <datafield tag="650" ind1=" " ind2="7">
      <subfield code="0">(DE-588)4114333-4</subfield>
      <subfield code="0">https://d-nb.info/gnd/4114333-4</subfield>
      <subfield code="0">(DE-101)041143337</subfield>
      <subfield code="a">Kunst</subfield>
      <subfield code="9">rswk-swf</subfield>
      <subfield code="2">gnd</subfield>
    </datafield>
    <datafield tag="650" ind1=" " ind2="7">
      <subfield code="0">(DE-588)4015451-8</subfield>
      <subfield code="0">https://d-nb.info/gnd/4015451-8</subfield>
      <subfield code="0">(DE-101)040154513</subfield>
      <subfield code="a">Erwerbung</subfield>
      <subfield code="9">rswk-swf</subfield>
      <subfield code="2">gnd</subfield>
    </datafield>
    <datafield tag="650" ind1=" " ind2="7">
      <subfield code="0">(DE-588)4120440-2</subfield>
      <subfield code="0">https://d-nb.info/gnd/4120440-2</subfield>
      <subfield code="0">(DE-101)041204409</subfield>
      <subfield code="a">Herkunft</subfield>
      <subfield code="9">rswk-swf</subfield>
      <subfield code="2">gnd</subfield>
    </datafield>
    <datafield tag="651" ind1=" " ind2="7">
      <subfield code="0">(DE-588)4023349-2</subfield>
      <subfield code="0">https://d-nb.info/gnd/4023349-2</subfield>
      <subfield code="0">(DE-101)040233499</subfield>
      <subfield code="a">Hannover</subfield>
      <subfield code="9">rswk-swf</subfield>
      <subfield code="2">gnd</subfield>
    </datafield>
    <datafield tag="653" ind1=" " ind2=" ">
      <subfield code="a">(Produktform)Hardback</subfield>
    </datafield>
    <datafield tag="653" ind1=" " ind2=" ">
      <subfield code="a">(VLB-WN)1559: Hardcover, Softcover / Geschichte/Kulturgeschichte</subfield>
    </datafield>
    <datafield tag="655" ind1=" " ind2="7">
      <subfield code="0">(DE-588)4135467-9</subfield>
      <subfield code="0">https://d-nb.info/gnd/4135467-9</subfield>
      <subfield code="0">(DE-101)041354672</subfield>
      <subfield code="a">Ausstellungskatalog</subfield>
      <subfield code="x">Sprengel Museum Hannover</subfield>
      <subfield code="y">17.07.2019-17.11.2019</subfield>
      <subfield code="z">Hannover</subfield>
      <subfield code="2">gnd-content</subfield>
    </datafield>
    <datafield tag="689" ind1="0" ind2="0">
      <subfield code="0">(DE-588)4114333-4</subfield>
      <subfield code="0">https://d-nb.info/gnd/4114333-4</subfield>
      <subfield code="0">(DE-101)041143337</subfield>
      <subfield code="D">s</subfield>
      <subfield code="a">Kunst</subfield>
    </datafield>
    <datafield tag="689" ind1="0" ind2="1">
      <subfield code="A">z</subfield>
      <subfield code="a">Geschichte 1890-1945</subfield>
    </datafield>
    <datafield tag="689" ind1="0" ind2="2">
      <subfield code="0">(DE-588)126098530</subfield>
      <subfield code="0">https://d-nb.info/gnd/126098530</subfield>
      <subfield code="0">(DE-101)126098530</subfield>
      <subfield code="D">p</subfield>
      <subfield code="a">Doebbeke, Conrad</subfield>
      <subfield code="d">1889-1954</subfield>
    </datafield>
    <datafield tag="689" ind1="0" ind2="3">
      <subfield code="0">(DE-588)4128844-0</subfield>
      <subfield code="0">https://d-nb.info/gnd/4128844-0</subfield>
      <subfield code="0">(DE-101)041288440</subfield>
      <subfield code="D">s</subfield>
      <subfield code="a">Sammlung</subfield>
    </datafield>
    <datafield tag="689" ind1="0" ind2="4">
      <subfield code="0">(DE-588)2083948-0</subfield>
      <subfield code="0">https://d-nb.info/gnd/2083948-0</subfield>
      <subfield code="0">(DE-101)007332122</subfield>
      <subfield code="D">b</subfield>
      <subfield code="a">Sprengel Museum Hannover</subfield>
    </datafield>
    <datafield tag="689" ind1="0" ind2="5">
      <subfield code="0">(DE-588)7697228-8</subfield>
      <subfield code="0">https://d-nb.info/gnd/7697228-8</subfield>
      <subfield code="0">(DE-101)1001334752</subfield>
      <subfield code="D">s</subfield>
      <subfield code="a">Provenienzforschung</subfield>
    </datafield>
    <datafield tag="689" ind1="0" ind2=" ">
      <subfield code="5">DE-101</subfield>
      <subfield code="5">DE-101</subfield>
    </datafield>
    <datafield tag="689" ind1="1" ind2="0">
      <subfield code="0">(DE-588)126098530</subfield>
      <subfield code="0">https://d-nb.info/gnd/126098530</subfield>
      <subfield code="0">(DE-101)126098530</subfield>
      <subfield code="D">p</subfield>
      <subfield code="a">Doebbeke, Conrad</subfield>
      <subfield code="d">1889-1954</subfield>
    </datafield>
    <datafield tag="689" ind1="1" ind2="1">
      <subfield code="0">(DE-588)4128844-0</subfield>
      <subfield code="0">https://d-nb.info/gnd/4128844-0</subfield>
      <subfield code="0">(DE-101)041288440</subfield>
      <subfield code="D">s</subfield>
      <subfield code="a">Sammlung</subfield>
    </datafield>
    <datafield tag="689" ind1="1" ind2="2">
      <subfield code="0">(DE-588)4114333-4</subfield>
      <subfield code="0">https://d-nb.info/gnd/4114333-4</subfield>
      <subfield code="0">(DE-101)041143337</subfield>
      <subfield code="D">s</subfield>
      <subfield code="a">Kunst</subfield>
    </datafield>
    <datafield tag="689" ind1="1" ind2="3">
      <subfield code="0">(DE-588)4023349-2</subfield>
      <subfield code="0">https://d-nb.info/gnd/4023349-2</subfield>
      <subfield code="0">(DE-101)040233499</subfield>
      <subfield code="D">g</subfield>
      <subfield code="a">Hannover</subfield>
    </datafield>
    <datafield tag="689" ind1="1" ind2="4">
      <subfield code="0">(DE-588)4015451-8</subfield>
      <subfield code="0">https://d-nb.info/gnd/4015451-8</subfield>
      <subfield code="0">(DE-101)040154513</subfield>
      <subfield code="D">s</subfield>
      <subfield code="a">Erwerbung</subfield>
    </datafield>
    <datafield tag="689" ind1="1" ind2="5">
      <subfield code="A">z</subfield>
      <subfield code="a">Geschichte 1949</subfield>
    </datafield>
    <datafield tag="689" ind1="1" ind2="6">
      <subfield code="0">(DE-588)4120440-2</subfield>
      <subfield code="0">https://d-nb.info/gnd/4120440-2</subfield>
      <subfield code="0">(DE-101)041204409</subfield>
      <subfield code="D">s</subfield>
      <subfield code="a">Herkunft</subfield>
    </datafield>
    <datafield tag="689" ind1="1" ind2=" ">
      <subfield code="5">DE-101</subfield>
      <subfield code="5">DE-101</subfield>
    </datafield>
    <datafield tag="700" ind1="1" ind2=" ">
      <subfield code="8">1\p</subfield>
      <subfield code="0">(DE-588)131762052</subfield>
      <subfield code="0">https://d-nb.info/gnd/131762052</subfield>
      <subfield code="0">(DE-101)131762052</subfield>
      <subfield code="a">Baumann, Annette</subfield>
      <subfield code="e">Herausgeber</subfield>
      <subfield code="4">edt</subfield>
      <subfield code="e">Verfasser von ergänzendem Text</subfield>
      <subfield code="4">wst</subfield>
      <subfield code="2">gnd</subfield>
    </datafield>
    <datafield tag="700" ind1="1" ind2=" ">
      <subfield code="8">2\p</subfield>
      <subfield code="0">(DE-588)121222780</subfield>
      <subfield code="0">https://d-nb.info/gnd/121222780</subfield>
      <subfield code="0">(DE-101)121222780</subfield>
      <subfield code="a">Flemming, Thomas</subfield>
      <subfield code="d">1957-</subfield>
      <subfield code="e">Verfasser</subfield>
      <subfield code="4">aut</subfield>
      <subfield code="2">gnd</subfield>
    </datafield>
    <datafield tag="710" ind1="2" ind2=" ">
      <subfield code="8">3\p</subfield>
      <subfield code="0">(DE-588)2083948-0</subfield>
      <subfield code="0">https://d-nb.info/gnd/2083948-0</subfield>
      <subfield code="0">(DE-101)007332122</subfield>
      <subfield code="a">Sprengel Museum Hannover</subfield>
      <subfield code="e">Veranstalter</subfield>
      <subfield code="4">orm</subfield>
      <subfield code="2">gnd</subfield>
    </datafield>
    <datafield tag="710" ind1="2" ind2=" ">
      <subfield code="8">4\p</subfield>
      <subfield code="0">(DE-588)1065500041</subfield>
      <subfield code="0">https://d-nb.info/gnd/1065500041</subfield>
      <subfield code="0">(DE-101)1065500041</subfield>
      <subfield code="a">Snoeck Verlagsgesellschaft</subfield>
      <subfield code="e">Verlag</subfield>
      <subfield code="4">pbl</subfield>
      <subfield code="2">gnd</subfield>
    </datafield>
    <datafield tag="850" ind1=" " ind2=" ">
      <subfield code="a">DE-101a</subfield>
      <subfield code="a">DE-101b</subfield>
    </datafield>
    <datafield tag="856" ind1="4" ind2="2">
      <subfield code="m">B:DE-101</subfield>
      <subfield code="q">application/pdf</subfield>
      <subfield code="u">https://d-nb.info/129318635X/04</subfield>
      <subfield code="3">Inhaltsverzeichnis</subfield>
    </datafield>
    <datafield tag="883" ind1="2" ind2=" ">
      <subfield code="8">1\p</subfield>
      <subfield code="a">dnb</subfield>
      <subfield code="d">20251006</subfield>
      <subfield code="q">DE-101</subfield>
      <subfield code="u">https://d-nb.info/provenance/plan#dnb</subfield>
    </datafield>
    <datafield tag="883" ind1="2" ind2=" ">
      <subfield code="8">2\p</subfield>
      <subfield code="a">dnb</subfield>
      <subfield code="d">20251006</subfield>
      <subfield code="q">DE-101</subfield>
      <subfield code="u">https://d-nb.info/provenance/plan#dnb</subfield>
    </datafield>
    <datafield tag="883" ind1="2" ind2=" ">
      <subfield code="8">3\p</subfield>
      <subfield code="a">dnb</subfield>
      <subfield code="d">20251006</subfield>
      <subfield code="q">DE-101</subfield>
      <subfield code="u">https://d-nb.info/provenance/plan#dnb</subfield>
    </datafield>
    <datafield tag="883" ind1="1" ind2=" ">
      <subfield code="8">4\p</subfield>
      <subfield code="a">adb</subfield>
      <subfield code="d">20230619</subfield>
      <subfield code="q">DE-101</subfield>
      <subfield code="u">https://d-nb.info/provenance/plan#adb</subfield>
    </datafield>
    <datafield tag="883" ind1="2" ind2=" ">
      <subfield code="8">6\p</subfield>
      <subfield code="a">dnb</subfield>
      <subfield code="d">20250407</subfield>
      <subfield code="q">DE-101</subfield>
      <subfield code="u">https://d-nb.info/provenance/plan#dnb</subfield>
    </datafield>
    <datafield tag="925" ind1="r" ind2=" ">
      <subfield code="a">ra</subfield>
    </datafield>
    <datafield tag="926" ind1="1" ind2=" ">
      <subfield code="a">ABQ</subfield>
      <subfield code="o">93</subfield>
      <subfield code="q">Publisher</subfield>
      <subfield code="v">1.6</subfield>
      <subfield code="x">Finanzielle Aspekte der Kunst, Geldanlage</subfield>
    </datafield>
    <datafield tag="926" ind1="2" ind2=" ">
      <subfield code="a">AFKB</subfield>
      <subfield code="o">93</subfield>
      <subfield code="q">Publisher</subfield>
      <subfield code="v">1.6</subfield>
      <subfield code="x">Bildhauerei und Plastik</subfield>
    </datafield>
    <datafield tag="926" ind1="2" ind2=" ">
      <subfield code="a">AFC</subfield>
      <subfield code="o">93</subfield>
      <subfield code="q">Publisher</subfield>
      <subfield code="v">1.6</subfield>
      <subfield code="x">Malerei und Gemälde</subfield>
    </datafield>
    <datafield tag="926" ind1="2" ind2=" ">
      <subfield code="a">AGA</subfield>
      <subfield code="o">93</subfield>
      <subfield code="q">Publisher</subfield>
      <subfield code="v">1.6</subfield>
      <subfield code="x">Kunstgeschichte</subfield>
    </datafield>
    <datafield tag="926" ind1="2" ind2=" ">
      <subfield code="a">AFH</subfield>
      <subfield code="o">93</subfield>
      <subfield code="q">Publisher</subfield>
      <subfield code="v">1.6</subfield>
      <subfield code="x">Drucke und Druckgrafik</subfield>
    </datafield>
    <datafield tag="926" ind1="2" ind2=" ">
      <subfield code="a">AGC</subfield>
      <subfield code="o">93</subfield>
      <subfield code="q">Publisher</subfield>
      <subfield code="v">1.6</subfield>
      <subfield code="x">Ausstellungskataloge, Museumskataloge und Sammlungen</subfield>
    </datafield>
    <datafield tag="926" ind1="2" ind2=" ">
      <subfield code="a">AFF</subfield>
      <subfield code="o">93</subfield>
      <subfield code="q">Publisher</subfield>
      <subfield code="v">1.6</subfield>
      <subfield code="x">Zeichnen und Zeichnungen</subfield>
    </datafield>
  </record></recordData><recordPosition>10</recordPosition></record>