<record><recordSchema>MARC21-xml</recordSchema><recordPacking>xml</recordPacking><recordData><record xmlns="http://www.loc.gov/MARC21/slim" type="Bibliographic">
    <leader>00000pam a2200000 c 4500</leader>
    <controlfield tag="001">1315847256</controlfield>
    <controlfield tag="003">DE-101</controlfield>
    <controlfield tag="005">20241204220022.0</controlfield>
    <controlfield tag="007">tu</controlfield>
    <controlfield tag="008">240113s2024    gw ||||| |||| 00||||eng  </controlfield>
    <datafield tag="015" ind1=" " ind2=" ">
      <subfield code="a">24,A49</subfield>
      <subfield code="z">24,N03</subfield>
      <subfield code="2">dnb</subfield>
    </datafield>
    <datafield tag="016" ind1="7" ind2=" ">
      <subfield code="2">DE-101</subfield>
      <subfield code="a">1315847256</subfield>
    </datafield>
    <datafield tag="020" ind1=" " ind2=" ">
      <subfield code="a">9783960701088</subfield>
      <subfield code="c">Festeinband : EUR 48.00 (DE), EUR 49.40 (AT), CHF 48.00 (freier Preis)</subfield>
      <subfield code="9">978-3-96070-108-8</subfield>
    </datafield>
    <datafield tag="020" ind1=" " ind2=" ">
      <subfield code="a">396070108X</subfield>
      <subfield code="9">3-96070-108-X</subfield>
    </datafield>
    <datafield tag="024" ind1="3" ind2=" ">
      <subfield code="a">9783960701088</subfield>
    </datafield>
    <datafield tag="035" ind1=" " ind2=" ">
      <subfield code="a">(DE-599)DNB1315847256</subfield>
    </datafield>
    <datafield tag="035" ind1=" " ind2=" ">
      <subfield code="a">(OCoLC)1474973800</subfield>
    </datafield>
    <datafield tag="040" ind1=" " ind2=" ">
      <subfield code="a">1245</subfield>
      <subfield code="b">ger</subfield>
      <subfield code="c">DE-101</subfield>
      <subfield code="d">9999</subfield>
      <subfield code="e">rda</subfield>
    </datafield>
    <datafield tag="041" ind1=" " ind2=" ">
      <subfield code="a">eng</subfield>
      <subfield code="a">ger</subfield>
    </datafield>
    <datafield tag="044" ind1=" " ind2=" ">
      <subfield code="c">XA-DE-BW</subfield>
    </datafield>
    <datafield tag="082" ind1="0" ind2="4">
      <subfield code="8">2\u</subfield>
      <subfield code="a">779.092</subfield>
      <subfield code="q">DE-101</subfield>
      <subfield code="2">23/ger</subfield>
    </datafield>
    <datafield tag="083" ind1="7" ind2=" ">
      <subfield code="8">3\p</subfield>
      <subfield code="a">770</subfield>
      <subfield code="q">DE-101</subfield>
      <subfield code="2">23sdnb</subfield>
    </datafield>
    <datafield tag="085" ind1=" " ind2=" ">
      <subfield code="8">2\u</subfield>
      <subfield code="b">779</subfield>
    </datafield>
    <datafield tag="085" ind1=" " ind2=" ">
      <subfield code="8">2\u</subfield>
      <subfield code="z">1</subfield>
      <subfield code="s">092</subfield>
    </datafield>
    <datafield tag="100" ind1="1" ind2=" ">
      <subfield code="8">1\p</subfield>
      <subfield code="0">(DE-588)119123991</subfield>
      <subfield code="0">https://d-nb.info/gnd/119123991</subfield>
      <subfield code="0">(DE-101)119123991</subfield>
      <subfield code="a">Probst, Barbara</subfield>
      <subfield code="d">1964-</subfield>
      <subfield code="e">Künstler</subfield>
      <subfield code="4">art</subfield>
      <subfield code="2">gnd</subfield>
    </datafield>
    <datafield tag="245" ind1="1" ind2="0">
      <subfield code="a">Subjective evidence</subfield>
      <subfield code="c">Barbara Probst</subfield>
    </datafield>
    <datafield tag="264" ind1=" " ind2="1">
      <subfield code="a">Stuttgart</subfield>
      <subfield code="b">Hartmann books</subfield>
      <subfield code="c">[2024]</subfield>
    </datafield>
    <datafield tag="300" ind1=" " ind2=" ">
      <subfield code="a">164 Seiten</subfield>
      <subfield code="c">29 cm, 1345 g</subfield>
    </datafield>
    <datafield tag="336" ind1=" " ind2=" ">
      <subfield code="a">unbewegtes Bild</subfield>
      <subfield code="b">sti</subfield>
      <subfield code="2">rdacontent</subfield>
    </datafield>
    <datafield tag="336" ind1=" " ind2=" ">
      <subfield code="a">Text</subfield>
      <subfield code="b">txt</subfield>
      <subfield code="2">rdacontent</subfield>
    </datafield>
    <datafield tag="337" ind1=" " ind2=" ">
      <subfield code="a">ohne Hilfsmittel zu benutzen</subfield>
      <subfield code="b">n</subfield>
      <subfield code="2">rdamedia</subfield>
    </datafield>
    <datafield tag="338" ind1=" " ind2=" ">
      <subfield code="a">Band</subfield>
      <subfield code="b">nc</subfield>
      <subfield code="2">rdacarrier</subfield>
    </datafield>
    <datafield tag="600" ind1="1" ind2="7">
      <subfield code="0">(DE-588)119123991</subfield>
      <subfield code="0">https://d-nb.info/gnd/119123991</subfield>
      <subfield code="0">(DE-101)119123991</subfield>
      <subfield code="a">Probst, Barbara</subfield>
      <subfield code="d">1964-</subfield>
      <subfield code="9">rswk-swf</subfield>
      <subfield code="2">gnd</subfield>
    </datafield>
    <datafield tag="648" ind1=" " ind2="7">
      <subfield code="a">Geschichte 2019-2023</subfield>
      <subfield code="9">rswk-swf</subfield>
      <subfield code="2">gnd</subfield>
    </datafield>
    <datafield tag="650" ind1=" " ind2="7">
      <subfield code="0">(DE-588)4045895-7</subfield>
      <subfield code="0">https://d-nb.info/gnd/4045895-7</subfield>
      <subfield code="0">(DE-101)040458954</subfield>
      <subfield code="a">Fotografie</subfield>
      <subfield code="9">rswk-swf</subfield>
      <subfield code="2">gnd</subfield>
    </datafield>
    <datafield tag="653" ind1=" " ind2=" ">
      <subfield code="a">(Produktform)Hardback</subfield>
    </datafield>
    <datafield tag="653" ind1=" " ind2=" ">
      <subfield code="a">(Zielgruppe)Allgemein</subfield>
    </datafield>
    <datafield tag="653" ind1=" " ind2=" ">
      <subfield code="a">(Zielgruppe)Fotokunstsammler</subfield>
    </datafield>
    <datafield tag="653" ind1=" " ind2=" ">
      <subfield code="a">Konzeptkunst</subfield>
    </datafield>
    <datafield tag="653" ind1=" " ind2=" ">
      <subfield code="a">Fotografie</subfield>
    </datafield>
    <datafield tag="653" ind1=" " ind2=" ">
      <subfield code="a">Installation</subfield>
    </datafield>
    <datafield tag="653" ind1=" " ind2=" ">
      <subfield code="a">Barbara Probst</subfield>
    </datafield>
    <datafield tag="653" ind1=" " ind2=" ">
      <subfield code="a">(VLB-WN)1954: Hardcover, Softcover / Sachbücher/Kunst, Literatur/Fotokunst</subfield>
    </datafield>
    <datafield tag="655" ind1=" " ind2="7">
      <subfield code="0">(DE-588)4135467-9</subfield>
      <subfield code="0">https://d-nb.info/gnd/4135467-9</subfield>
      <subfield code="0">(DE-101)041354672</subfield>
      <subfield code="a">Ausstellungskatalog</subfield>
      <subfield code="x">Kunstmuseum Luzern</subfield>
      <subfield code="y">24.02.2024-16.06.2024</subfield>
      <subfield code="z">Luzern</subfield>
      <subfield code="2">gnd-content</subfield>
    </datafield>
    <datafield tag="655" ind1=" " ind2="7">
      <subfield code="0">(DE-588)4135467-9</subfield>
      <subfield code="0">https://d-nb.info/gnd/4135467-9</subfield>
      <subfield code="0">(DE-101)041354672</subfield>
      <subfield code="a">Ausstellungskatalog</subfield>
      <subfield code="x">Contemporary Arts Center</subfield>
      <subfield code="y">27.09.2024-09.02.2025</subfield>
      <subfield code="z">Cincinnati</subfield>
      <subfield code="2">gnd-content</subfield>
    </datafield>
    <datafield tag="655" ind1=" " ind2="7">
      <subfield code="0">(DE-588)4135467-9</subfield>
      <subfield code="0">https://d-nb.info/gnd/4135467-9</subfield>
      <subfield code="0">(DE-101)041354672</subfield>
      <subfield code="a">Ausstellungskatalog</subfield>
      <subfield code="x">Sprengel Museum</subfield>
      <subfield code="y">11.12.2024-09.03.2025</subfield>
      <subfield code="z">Hannover</subfield>
      <subfield code="2">gnd-content</subfield>
    </datafield>
    <datafield tag="655" ind1=" " ind2="7">
      <subfield code="0">(DE-588)4145395-5</subfield>
      <subfield code="0">https://d-nb.info/gnd/4145395-5</subfield>
      <subfield code="0">(DE-101)041453956</subfield>
      <subfield code="a">Bildband</subfield>
      <subfield code="2">gnd-content</subfield>
    </datafield>
    <datafield tag="689" ind1="0" ind2="0">
      <subfield code="0">(DE-588)119123991</subfield>
      <subfield code="0">https://d-nb.info/gnd/119123991</subfield>
      <subfield code="0">(DE-101)119123991</subfield>
      <subfield code="D">p</subfield>
      <subfield code="a">Probst, Barbara</subfield>
      <subfield code="d">1964-</subfield>
    </datafield>
    <datafield tag="689" ind1="0" ind2="1">
      <subfield code="0">(DE-588)4045895-7</subfield>
      <subfield code="0">https://d-nb.info/gnd/4045895-7</subfield>
      <subfield code="0">(DE-101)040458954</subfield>
      <subfield code="D">s</subfield>
      <subfield code="a">Fotografie</subfield>
    </datafield>
    <datafield tag="689" ind1="0" ind2="2">
      <subfield code="A">z</subfield>
      <subfield code="a">Geschichte 2019-2023</subfield>
    </datafield>
    <datafield tag="689" ind1="0" ind2=" ">
      <subfield code="5">DE-101</subfield>
      <subfield code="5">DE-101</subfield>
    </datafield>
    <datafield tag="850" ind1=" " ind2=" ">
      <subfield code="a">DE-101a</subfield>
      <subfield code="a">DE-101b</subfield>
    </datafield>
    <datafield tag="856" ind1="4" ind2="2">
      <subfield code="m">B:DE-101</subfield>
      <subfield code="q">application/pdf</subfield>
      <subfield code="u">https://d-nb.info/1315847256/04</subfield>
      <subfield code="3">Inhaltsverzeichnis</subfield>
    </datafield>
    <datafield tag="883" ind1="2" ind2=" ">
      <subfield code="8">1\p</subfield>
      <subfield code="a">dnb</subfield>
      <subfield code="d">20240828</subfield>
      <subfield code="q">DE-101</subfield>
      <subfield code="u">https://d-nb.info/provenance/plan#dnb</subfield>
    </datafield>
    <datafield tag="883" ind1="2" ind2=" ">
      <subfield code="8">3\p</subfield>
      <subfield code="a">dnb</subfield>
      <subfield code="d">20241127</subfield>
      <subfield code="q">DE-101</subfield>
      <subfield code="u">https://d-nb.info/provenance/plan#dnb</subfield>
    </datafield>
    <datafield tag="925" ind1="r" ind2=" ">
      <subfield code="a">ra</subfield>
    </datafield>
    <datafield tag="926" ind1="1" ind2=" ">
      <subfield code="a">A</subfield>
      <subfield code="o">93</subfield>
      <subfield code="q">Publisher</subfield>
      <subfield code="v">1.5</subfield>
      <subfield code="x">Kunst</subfield>
    </datafield>
  </record></recordData><recordPosition>16</recordPosition></record>