<record><recordSchema>MARC21-xml</recordSchema><recordPacking>xml</recordPacking><recordData><record xmlns="http://www.loc.gov/MARC21/slim" type="Bibliographic">
    <leader>00000nam a2200000 c 4500</leader>
    <controlfield tag="001">1310094683</controlfield>
    <controlfield tag="003">DE-101</controlfield>
    <controlfield tag="005">20241016220031.0</controlfield>
    <controlfield tag="007">tu</controlfield>
    <controlfield tag="008">231116s2023    gw ||||| |||| 00||||ger  </controlfield>
    <datafield tag="015" ind1=" " ind2=" ">
      <subfield code="a">24,A42</subfield>
      <subfield code="2">dnb</subfield>
    </datafield>
    <datafield tag="016" ind1="7" ind2=" ">
      <subfield code="2">DE-101</subfield>
      <subfield code="a">1310094683</subfield>
    </datafield>
    <datafield tag="020" ind1=" " ind2=" ">
      <subfield code="a">9783864424311</subfield>
      <subfield code="c">Broschur</subfield>
      <subfield code="9">978-3-86442-431-1</subfield>
    </datafield>
    <datafield tag="035" ind1=" " ind2=" ">
      <subfield code="a">(DE-599)DNB1310094683</subfield>
    </datafield>
    <datafield tag="035" ind1=" " ind2=" ">
      <subfield code="a">(OCoLC)1415799322</subfield>
    </datafield>
    <datafield tag="040" ind1=" " ind2=" ">
      <subfield code="a">1180</subfield>
      <subfield code="b">ger</subfield>
      <subfield code="c">DE-101</subfield>
      <subfield code="d">9999</subfield>
      <subfield code="e">rda</subfield>
    </datafield>
    <datafield tag="041" ind1=" " ind2=" ">
      <subfield code="a">ger</subfield>
      <subfield code="a">eng</subfield>
      <subfield code="h">ger</subfield>
    </datafield>
    <datafield tag="044" ind1=" " ind2=" ">
      <subfield code="c">XA-DE</subfield>
    </datafield>
    <datafield tag="082" ind1="0" ind2="4">
      <subfield code="8">2\u</subfield>
      <subfield code="a">779.074435954</subfield>
      <subfield code="q">DE-101</subfield>
      <subfield code="2">23/ger</subfield>
    </datafield>
    <datafield tag="083" ind1="0" ind2=" ">
      <subfield code="8">3\u</subfield>
      <subfield code="a">779.092</subfield>
      <subfield code="q">DE-101</subfield>
      <subfield code="2">23/ger</subfield>
    </datafield>
    <datafield tag="083" ind1="7" ind2=" ">
      <subfield code="8">4\p</subfield>
      <subfield code="a">770</subfield>
      <subfield code="q">DE-101</subfield>
      <subfield code="2">23sdnb</subfield>
    </datafield>
    <datafield tag="085" ind1=" " ind2=" ">
      <subfield code="8">2\u</subfield>
      <subfield code="b">779</subfield>
    </datafield>
    <datafield tag="085" ind1=" " ind2=" ">
      <subfield code="8">2\u</subfield>
      <subfield code="z">1</subfield>
      <subfield code="s">074</subfield>
    </datafield>
    <datafield tag="085" ind1=" " ind2=" ">
      <subfield code="8">2\u</subfield>
      <subfield code="z">2</subfield>
      <subfield code="s">435954</subfield>
    </datafield>
    <datafield tag="085" ind1=" " ind2=" ">
      <subfield code="8">3\u</subfield>
      <subfield code="b">779</subfield>
    </datafield>
    <datafield tag="085" ind1=" " ind2=" ">
      <subfield code="8">3\u</subfield>
      <subfield code="z">1</subfield>
      <subfield code="s">092</subfield>
    </datafield>
    <datafield tag="100" ind1="1" ind2=" ">
      <subfield code="8">1\p</subfield>
      <subfield code="0">(DE-588)1140845209</subfield>
      <subfield code="0">https://d-nb.info/gnd/1140845209</subfield>
      <subfield code="0">(DE-101)1140845209</subfield>
      <subfield code="a">Retschlag, Christian</subfield>
      <subfield code="d">1987-</subfield>
      <subfield code="e">Fotograf</subfield>
      <subfield code="4">pht</subfield>
      <subfield code="2">gnd</subfield>
    </datafield>
    <datafield tag="245" ind1="1" ind2="0">
      <subfield code="a">Christian Retschlag</subfield>
      <subfield code="b">Sprengel Preis 2023 - Niedersachsen in Europa</subfield>
      <subfield code="c">Niedersächsisches Ministerium für Wissenschaft und Kultur, Niedersächsische Sparkassenstiftung, Sprengel Museum Hannover ; Übersetzungen: Tim Chafer (Düsseldorf), Probicon GmbH (Berlin)</subfield>
    </datafield>
    <datafield tag="264" ind1=" " ind2="1">
      <subfield code="a">Hannover</subfield>
      <subfield code="b">Sprengel Museum</subfield>
      <subfield code="c">2023</subfield>
    </datafield>
    <datafield tag="264" ind1=" " ind2="3">
      <subfield code="a">Köln</subfield>
      <subfield code="b">Snoeck</subfield>
    </datafield>
    <datafield tag="300" ind1=" " ind2=" ">
      <subfield code="a">96 Seiten</subfield>
      <subfield code="b">Illustrationen</subfield>
      <subfield code="c">29 cm</subfield>
    </datafield>
    <datafield tag="336" ind1=" " ind2=" ">
      <subfield code="a">Text</subfield>
      <subfield code="b">txt</subfield>
      <subfield code="2">rdacontent</subfield>
    </datafield>
    <datafield tag="336" ind1=" " ind2=" ">
      <subfield code="a">unbewegtes Bild</subfield>
      <subfield code="b">sti</subfield>
      <subfield code="2">rdacontent</subfield>
    </datafield>
    <datafield tag="337" ind1=" " ind2=" ">
      <subfield code="a">ohne Hilfsmittel zu benutzen</subfield>
      <subfield code="b">n</subfield>
      <subfield code="2">rdamedia</subfield>
    </datafield>
    <datafield tag="338" ind1=" " ind2=" ">
      <subfield code="a">Band</subfield>
      <subfield code="b">nc</subfield>
      <subfield code="2">rdacarrier</subfield>
    </datafield>
    <datafield tag="600" ind1="1" ind2="7">
      <subfield code="0">(DE-588)1140845209</subfield>
      <subfield code="0">https://d-nb.info/gnd/1140845209</subfield>
      <subfield code="0">(DE-101)1140845209</subfield>
      <subfield code="a">Retschlag, Christian</subfield>
      <subfield code="d">1987-</subfield>
      <subfield code="9">rswk-swf</subfield>
      <subfield code="2">gnd</subfield>
    </datafield>
    <datafield tag="650" ind1=" " ind2="7">
      <subfield code="0">(DE-588)4142019-6</subfield>
      <subfield code="0">https://d-nb.info/gnd/4142019-6</subfield>
      <subfield code="0">(DE-101)041420195</subfield>
      <subfield code="a">Dokumentarfotografie</subfield>
      <subfield code="9">rswk-swf</subfield>
      <subfield code="2">gnd</subfield>
    </datafield>
    <datafield tag="650" ind1=" " ind2="7">
      <subfield code="0">(DE-588)4076488-6</subfield>
      <subfield code="0">https://d-nb.info/gnd/4076488-6</subfield>
      <subfield code="0">(DE-101)040764885</subfield>
      <subfield code="a">Radwandern</subfield>
      <subfield code="9">rswk-swf</subfield>
      <subfield code="2">gnd</subfield>
    </datafield>
    <datafield tag="650" ind1=" " ind2="7">
      <subfield code="0">(DE-588)4132170-4</subfield>
      <subfield code="0">https://d-nb.info/gnd/4132170-4</subfield>
      <subfield code="0">(DE-101)041321707</subfield>
      <subfield code="a">Landschaftsfotografie</subfield>
      <subfield code="9">rswk-swf</subfield>
      <subfield code="2">gnd</subfield>
    </datafield>
    <datafield tag="650" ind1=" " ind2="7">
      <subfield code="0">(DE-588)4124095-9</subfield>
      <subfield code="0">https://d-nb.info/gnd/4124095-9</subfield>
      <subfield code="0">(DE-101)041240952</subfield>
      <subfield code="a">Sachaufnahme</subfield>
      <subfield code="9">rswk-swf</subfield>
      <subfield code="2">gnd</subfield>
    </datafield>
    <datafield tag="651" ind1=" " ind2="7">
      <subfield code="0">(DE-588)4023349-2</subfield>
      <subfield code="0">https://d-nb.info/gnd/4023349-2</subfield>
      <subfield code="0">(DE-101)040233499</subfield>
      <subfield code="a">Hannover</subfield>
      <subfield code="9">rswk-swf</subfield>
      <subfield code="2">gnd</subfield>
    </datafield>
    <datafield tag="651" ind1=" " ind2="7">
      <subfield code="0">(DE-588)4211618-1</subfield>
      <subfield code="0">https://d-nb.info/gnd/4211618-1</subfield>
      <subfield code="0">(DE-101)04211618X</subfield>
      <subfield code="a">Mont Ventoux</subfield>
      <subfield code="9">rswk-swf</subfield>
      <subfield code="2">gnd</subfield>
    </datafield>
    <datafield tag="655" ind1=" " ind2="7">
      <subfield code="0">(DE-588)4135467-9</subfield>
      <subfield code="0">https://d-nb.info/gnd/4135467-9</subfield>
      <subfield code="0">(DE-101)041354672</subfield>
      <subfield code="a">Ausstellungskatalog</subfield>
      <subfield code="x">Sprengel Museum</subfield>
      <subfield code="y">18.11.2023-03.03.2024</subfield>
      <subfield code="z">Hannover</subfield>
      <subfield code="2">gnd-content</subfield>
    </datafield>
    <datafield tag="689" ind1="0" ind2="0">
      <subfield code="0">(DE-588)1140845209</subfield>
      <subfield code="0">https://d-nb.info/gnd/1140845209</subfield>
      <subfield code="0">(DE-101)1140845209</subfield>
      <subfield code="D">p</subfield>
      <subfield code="a">Retschlag, Christian</subfield>
      <subfield code="d">1987-</subfield>
    </datafield>
    <datafield tag="689" ind1="0" ind2="1">
      <subfield code="0">(DE-588)4142019-6</subfield>
      <subfield code="0">https://d-nb.info/gnd/4142019-6</subfield>
      <subfield code="0">(DE-101)041420195</subfield>
      <subfield code="D">s</subfield>
      <subfield code="a">Dokumentarfotografie</subfield>
    </datafield>
    <datafield tag="689" ind1="0" ind2="2">
      <subfield code="0">(DE-588)4076488-6</subfield>
      <subfield code="0">https://d-nb.info/gnd/4076488-6</subfield>
      <subfield code="0">(DE-101)040764885</subfield>
      <subfield code="D">s</subfield>
      <subfield code="a">Radwandern</subfield>
    </datafield>
    <datafield tag="689" ind1="0" ind2="3">
      <subfield code="0">(DE-588)4023349-2</subfield>
      <subfield code="0">https://d-nb.info/gnd/4023349-2</subfield>
      <subfield code="0">(DE-101)040233499</subfield>
      <subfield code="D">g</subfield>
      <subfield code="a">Hannover</subfield>
    </datafield>
    <datafield tag="689" ind1="0" ind2="4">
      <subfield code="0">(DE-588)4211618-1</subfield>
      <subfield code="0">https://d-nb.info/gnd/4211618-1</subfield>
      <subfield code="0">(DE-101)04211618X</subfield>
      <subfield code="D">g</subfield>
      <subfield code="a">Mont Ventoux</subfield>
    </datafield>
    <datafield tag="689" ind1="0" ind2="5">
      <subfield code="0">(DE-588)4132170-4</subfield>
      <subfield code="0">https://d-nb.info/gnd/4132170-4</subfield>
      <subfield code="0">(DE-101)041321707</subfield>
      <subfield code="D">s</subfield>
      <subfield code="a">Landschaftsfotografie</subfield>
    </datafield>
    <datafield tag="689" ind1="0" ind2="6">
      <subfield code="0">(DE-588)4124095-9</subfield>
      <subfield code="0">https://d-nb.info/gnd/4124095-9</subfield>
      <subfield code="0">(DE-101)041240952</subfield>
      <subfield code="D">s</subfield>
      <subfield code="a">Sachaufnahme</subfield>
    </datafield>
    <datafield tag="689" ind1="0" ind2=" ">
      <subfield code="5">DE-101</subfield>
      <subfield code="5">DE-101</subfield>
    </datafield>
    <datafield tag="850" ind1=" " ind2=" ">
      <subfield code="a">DE-101a</subfield>
      <subfield code="a">DE-101b</subfield>
    </datafield>
    <datafield tag="856" ind1="4" ind2="2">
      <subfield code="m">B:DE-101</subfield>
      <subfield code="q">application/pdf</subfield>
      <subfield code="u">https://d-nb.info/1310094683/04</subfield>
      <subfield code="3">Inhaltsverzeichnis</subfield>
    </datafield>
    <datafield tag="883" ind1="2" ind2=" ">
      <subfield code="8">1\p</subfield>
      <subfield code="a">dnb</subfield>
      <subfield code="d">20240228</subfield>
      <subfield code="q">DE-101</subfield>
      <subfield code="u">https://d-nb.info/provenance/plan#dnb</subfield>
    </datafield>
    <datafield tag="883" ind1="2" ind2=" ">
      <subfield code="8">4\p</subfield>
      <subfield code="a">dnb</subfield>
      <subfield code="d">20241007</subfield>
      <subfield code="q">DE-101</subfield>
      <subfield code="u">https://d-nb.info/provenance/plan#dnb</subfield>
    </datafield>
    <datafield tag="925" ind1="r" ind2=" ">
      <subfield code="a">ra</subfield>
    </datafield>
  </record></recordData><recordPosition>18</recordPosition></record>