<record><recordSchema>MARC21-xml</recordSchema><recordPacking>xml</recordPacking><recordData><record xmlns="http://www.loc.gov/MARC21/slim" type="Bibliographic">
    <leader>00000nam a2200000uc 4500</leader>
    <controlfield tag="001">1295730979</controlfield>
    <controlfield tag="003">DE-101</controlfield>
    <controlfield tag="005">20251124145510.0</controlfield>
    <controlfield tag="007">tu</controlfield>
    <controlfield tag="008">230711s2020    pl ||||| |||| 00||||pol  </controlfield>
    <datafield tag="016" ind1="7" ind2=" ">
      <subfield code="2">DE-101</subfield>
      <subfield code="a">1295730979</subfield>
    </datafield>
    <datafield tag="020" ind1=" " ind2=" ">
      <subfield code="a">9788366696044</subfield>
      <subfield code="c">Broschur</subfield>
      <subfield code="9">978-83-66696-04-4</subfield>
    </datafield>
    <datafield tag="020" ind1=" " ind2=" ">
      <subfield code="a">8366696049</subfield>
      <subfield code="9">83-66696-04-9</subfield>
    </datafield>
    <datafield tag="035" ind1=" " ind2=" ">
      <subfield code="a">(DE-599)DNB1295730979</subfield>
    </datafield>
    <datafield tag="035" ind1=" " ind2=" ">
      <subfield code="a">(DE-604)BV048397758</subfield>
    </datafield>
    <datafield tag="035" ind1=" " ind2=" ">
      <subfield code="a">(OCoLC)1344252015</subfield>
    </datafield>
    <datafield tag="040" ind1=" " ind2=" ">
      <subfield code="a">1170</subfield>
      <subfield code="b">ger</subfield>
      <subfield code="c">DE-101</subfield>
      <subfield code="d">1247</subfield>
    </datafield>
    <datafield tag="041" ind1=" " ind2=" ">
      <subfield code="a">pol</subfield>
    </datafield>
    <datafield tag="044" ind1=" " ind2=" ">
      <subfield code="c">XA-PL</subfield>
    </datafield>
    <datafield tag="082" ind1="7" ind2="4">
      <subfield code="8">1\p</subfield>
      <subfield code="a">700</subfield>
      <subfield code="q">DE-101</subfield>
      <subfield code="2">23sdnb</subfield>
    </datafield>
    <datafield tag="245" ind1="0" ind2="0">
      <subfield code="a">Awangardowe muzeum</subfield>
      <subfield code="c">koncepcja i redakcja naukowa: Agnieszka Pindera, Jarosław Suchan ; tłumaczenie tekstów Małgorzata Buchalik, Joanna Figiel [und 3 weitere]</subfield>
    </datafield>
    <datafield tag="246" ind1="3" ind2=" ">
      <subfield code="a">Muzei Chudožestvennoj Kulʹtury, Kabinett der Abstrakten, Société Anonyme, grupa "a.r."</subfield>
    </datafield>
    <datafield tag="246" ind1="1" ind2="0">
      <subfield code="a">Muzeĭ Khudozhestvennoĭ Kulʹtury, Kabinett der Abstrakten, Société Anonyme, grupa "a.r.</subfield>
    </datafield>
    <datafield tag="264" ind1=" " ind2="1">
      <subfield code="a">Łódź</subfield>
      <subfield code="b">Muzeum Sztuki w Łodzi</subfield>
      <subfield code="c">2020</subfield>
    </datafield>
    <datafield tag="300" ind1=" " ind2=" ">
      <subfield code="a">605 Seiten</subfield>
      <subfield code="b">Illustrationen</subfield>
      <subfield code="c">25 cm</subfield>
    </datafield>
    <datafield tag="336" ind1=" " ind2=" ">
      <subfield code="a">Text</subfield>
      <subfield code="b">txt</subfield>
      <subfield code="2">rdacontent</subfield>
    </datafield>
    <datafield tag="336" ind1=" " ind2=" ">
      <subfield code="a">unbewegtes Bild</subfield>
      <subfield code="b">sti</subfield>
      <subfield code="2">rdacontent</subfield>
    </datafield>
    <datafield tag="337" ind1=" " ind2=" ">
      <subfield code="a">ohne Hilfsmittel zu benutzen</subfield>
      <subfield code="b">n</subfield>
      <subfield code="2">rdamedia</subfield>
    </datafield>
    <datafield tag="338" ind1=" " ind2=" ">
      <subfield code="a">Band</subfield>
      <subfield code="b">nc</subfield>
      <subfield code="2">rdacarrier</subfield>
    </datafield>
    <datafield tag="500" ind1=" " ind2=" ">
      <subfield code="a">Publikacja towarzysząca wystawie prezentowanej w Muzeum Sztuki w Łodzi w dniach 15 października 2021 r. - 27 lutego 2022 r</subfield>
    </datafield>
    <datafield tag="520" ind1=" " ind2=" ">
      <subfield code="a">Abstract: Publikacja zawiera teksty poświęcone czterem istotnym awangardowym projektom muzealnym: sieci Muzeów Kultury Artystycznej powołanej do istnienia po rewolucji październikowej w Rosji, Kabinett der Abstrakten zaprojektowanemu przez EI Lissitzkiego dla hanowerskiego Provinzialmuseum w 1927 roku, Société Anonyme powstałemu w Nowym Jorku na początku lat dwudziestych oraz Międzynarodowej kolekcji Sztuki Nowoczesnej grupy "a.r.", udostępnionej publicznie w 1931 roku w Miejskim Muzeum w Łodzi, dzisiejszym Muzeum Sztuki. Opracowaniom krytycznym wybitnych badaczy i badaczek zajmujących się historią awangardy towarzyszy wybór tekstów źródłowych oraz bogata ikonografia prezentująca zarówno materiały archiwalne jak i wybrane dzieła z kolekcji związanych z omawianymi projektami.</subfield>
    </datafield>
    <datafield tag="546" ind1=" " ind2=" ">
      <subfield code="a">Text polnisch</subfield>
    </datafield>
    <datafield tag="610" ind1="2" ind2="7">
      <subfield code="0">(DE-588)4547544-1</subfield>
      <subfield code="0">https://d-nb.info/gnd/4547544-1</subfield>
      <subfield code="0">(DE-101)956620027</subfield>
      <subfield code="a">Muzej Chudožestvennoj Kul'tury</subfield>
      <subfield code="9">rswk-swf</subfield>
      <subfield code="2">gnd</subfield>
    </datafield>
    <datafield tag="610" ind1="2" ind2="7">
      <subfield code="0">(DE-588)16314300-6</subfield>
      <subfield code="0">https://d-nb.info/gnd/16314300-6</subfield>
      <subfield code="0">(DE-101)056337515</subfield>
      <subfield code="a">Societe Anonyme</subfield>
      <subfield code="g">New York, N.Y.</subfield>
      <subfield code="9">rswk-swf</subfield>
      <subfield code="2">gnd</subfield>
    </datafield>
    <datafield tag="610" ind1="2" ind2="7">
      <subfield code="0">(DE-588)3003048-1</subfield>
      <subfield code="0">https://d-nb.info/gnd/3003048-1</subfield>
      <subfield code="0">(DE-101)03003048X</subfield>
      <subfield code="a">AR</subfield>
      <subfield code="9">rswk-swf</subfield>
      <subfield code="2">gnd</subfield>
    </datafield>
    <datafield tag="610" ind1="2" ind2="7">
      <subfield code="0">(DE-588)2083948-0</subfield>
      <subfield code="0">https://d-nb.info/gnd/2083948-0</subfield>
      <subfield code="0">(DE-101)007332122</subfield>
      <subfield code="a">Sprengel Museum Hannover</subfield>
      <subfield code="9">rswk-swf</subfield>
      <subfield code="2">gnd</subfield>
    </datafield>
    <datafield tag="610" ind1="2" ind2=" ">
      <subfield code="0">(DE-588)3003048-1</subfield>
      <subfield code="0">https://d-nb.info/gnd/3003048-1</subfield>
      <subfield code="0">(DE-101)03003048X</subfield>
      <subfield code="a">AR</subfield>
      <subfield code="2">gnd</subfield>
    </datafield>
    <datafield tag="610" ind1="2" ind2=" ">
      <subfield code="0">(DE-588)4547544-1</subfield>
      <subfield code="0">https://d-nb.info/gnd/4547544-1</subfield>
      <subfield code="0">(DE-101)956620027</subfield>
      <subfield code="a">Muzej Chudožestvennoj Kul'tury</subfield>
      <subfield code="2">gnd</subfield>
    </datafield>
    <datafield tag="610" ind1="2" ind2=" ">
      <subfield code="0">(DE-588)2083948-0</subfield>
      <subfield code="0">https://d-nb.info/gnd/2083948-0</subfield>
      <subfield code="0">(DE-101)007332122</subfield>
      <subfield code="a">Sprengel Museum Hannover</subfield>
      <subfield code="2">gnd</subfield>
    </datafield>
    <datafield tag="610" ind1="2" ind2=" ">
      <subfield code="0">(DE-588)16314300-6</subfield>
      <subfield code="0">https://d-nb.info/gnd/16314300-6</subfield>
      <subfield code="0">(DE-101)056337515</subfield>
      <subfield code="a">Societe Anonyme</subfield>
      <subfield code="g">New York, N.Y.</subfield>
      <subfield code="2">gnd</subfield>
    </datafield>
    <datafield tag="648" ind1=" " ind2="7">
      <subfield code="a">Geschichte 1918-1933</subfield>
      <subfield code="9">rswk-swf</subfield>
      <subfield code="2">gnd</subfield>
    </datafield>
    <datafield tag="650" ind1=" " ind2="7">
      <subfield code="0">(DE-588)4166041-9</subfield>
      <subfield code="0">https://d-nb.info/gnd/4166041-9</subfield>
      <subfield code="0">(DE-101)041660412</subfield>
      <subfield code="a">Kunstmuseum</subfield>
      <subfield code="9">rswk-swf</subfield>
      <subfield code="2">gnd</subfield>
    </datafield>
    <datafield tag="650" ind1=" " ind2="7">
      <subfield code="0">(DE-588)4133965-4</subfield>
      <subfield code="0">https://d-nb.info/gnd/4133965-4</subfield>
      <subfield code="0">(DE-101)041339657</subfield>
      <subfield code="a">Avantgarde</subfield>
      <subfield code="9">rswk-swf</subfield>
      <subfield code="2">gnd</subfield>
    </datafield>
    <datafield tag="650" ind1=" " ind2="7">
      <subfield code="a">Geschichte 1918-1933</subfield>
      <subfield code="2">gnd</subfield>
    </datafield>
    <datafield tag="650" ind1=" " ind2="7">
      <subfield code="0">(DE-588)4133965-4</subfield>
      <subfield code="0">https://d-nb.info/gnd/4133965-4</subfield>
      <subfield code="0">(DE-101)041339657</subfield>
      <subfield code="a">Avantgarde</subfield>
      <subfield code="2">gnd</subfield>
    </datafield>
    <datafield tag="650" ind1=" " ind2="7">
      <subfield code="0">(DE-588)4166041-9</subfield>
      <subfield code="0">https://d-nb.info/gnd/4166041-9</subfield>
      <subfield code="0">(DE-101)041660412</subfield>
      <subfield code="a">Kunstmuseum</subfield>
      <subfield code="2">gnd</subfield>
    </datafield>
    <datafield tag="653" ind1=" " ind2=" ">
      <subfield code="a">Muzeum Sztuki w Łodzi</subfield>
    </datafield>
    <datafield tag="653" ind1=" " ind2=" ">
      <subfield code="a">Société anonyme</subfield>
    </datafield>
    <datafield tag="653" ind1=" " ind2=" ">
      <subfield code="a">Sprengel Museum Hannover</subfield>
    </datafield>
    <datafield tag="653" ind1=" " ind2=" ">
      <subfield code="a">Avant-garde (Aesthetics) / Exhibitions</subfield>
    </datafield>
    <datafield tag="653" ind1=" " ind2=" ">
      <subfield code="a">Art museums / Exhibitions</subfield>
    </datafield>
    <datafield tag="653" ind1=" " ind2=" ">
      <subfield code="a">Grupa a.r. (art group)</subfield>
    </datafield>
    <datafield tag="653" ind1=" " ind2=" ">
      <subfield code="a">Muzeum Sztuki w Łodzi</subfield>
    </datafield>
    <datafield tag="653" ind1=" " ind2=" ">
      <subfield code="a">Société anonyme</subfield>
    </datafield>
    <datafield tag="653" ind1=" " ind2=" ">
      <subfield code="a">Sprengel Museum Hannover</subfield>
    </datafield>
    <datafield tag="653" ind1=" " ind2=" ">
      <subfield code="a">Art museums</subfield>
    </datafield>
    <datafield tag="653" ind1=" " ind2=" ">
      <subfield code="a">Avant-garde (Aesthetics)</subfield>
    </datafield>
    <datafield tag="653" ind1=" " ind2=" ">
      <subfield code="a">Exhibition catalogs</subfield>
    </datafield>
    <datafield tag="655" ind1=" " ind2="7">
      <subfield code="0">(DE-588)4135467-9</subfield>
      <subfield code="0">https://d-nb.info/gnd/4135467-9</subfield>
      <subfield code="0">(DE-101)041354672</subfield>
      <subfield code="a">Ausstellungskatalog</subfield>
      <subfield code="x">Muzeum Sztuki w Łodzi</subfield>
      <subfield code="y">15.10.2021-27.02.2022</subfield>
      <subfield code="z">Lodz</subfield>
      <subfield code="2">gnd-content</subfield>
    </datafield>
    <datafield tag="655" ind1=" " ind2="7">
      <subfield code="0">(DE-588)4145395-5</subfield>
      <subfield code="0">https://d-nb.info/gnd/4145395-5</subfield>
      <subfield code="0">(DE-101)041453956</subfield>
      <subfield code="a">Bildband</subfield>
      <subfield code="2">gnd-content</subfield>
    </datafield>
    <datafield tag="689" ind1="0" ind2="0">
      <subfield code="0">(DE-588)4166041-9</subfield>
      <subfield code="0">https://d-nb.info/gnd/4166041-9</subfield>
      <subfield code="0">(DE-101)041660412</subfield>
      <subfield code="D">s</subfield>
      <subfield code="a">Kunstmuseum</subfield>
    </datafield>
    <datafield tag="689" ind1="0" ind2="1">
      <subfield code="0">(DE-588)4133965-4</subfield>
      <subfield code="0">https://d-nb.info/gnd/4133965-4</subfield>
      <subfield code="0">(DE-101)041339657</subfield>
      <subfield code="D">s</subfield>
      <subfield code="a">Avantgarde</subfield>
    </datafield>
    <datafield tag="689" ind1="0" ind2="2">
      <subfield code="A">z</subfield>
      <subfield code="a">Geschichte 1918-1933</subfield>
    </datafield>
    <datafield tag="689" ind1="0" ind2=" ">
      <subfield code="5">DE-101d</subfield>
      <subfield code="5">DE-101d</subfield>
    </datafield>
    <datafield tag="689" ind1="1" ind2="0">
      <subfield code="0">(DE-588)4547544-1</subfield>
      <subfield code="0">https://d-nb.info/gnd/4547544-1</subfield>
      <subfield code="0">(DE-101)956620027</subfield>
      <subfield code="D">b</subfield>
      <subfield code="a">Muzej Chudožestvennoj Kul'tury</subfield>
    </datafield>
    <datafield tag="689" ind1="1" ind2="1">
      <subfield code="0">(DE-588)16314300-6</subfield>
      <subfield code="0">https://d-nb.info/gnd/16314300-6</subfield>
      <subfield code="0">(DE-101)056337515</subfield>
      <subfield code="D">b</subfield>
      <subfield code="a">Societe Anonyme</subfield>
      <subfield code="g">New York, N.Y.</subfield>
    </datafield>
    <datafield tag="689" ind1="1" ind2="2">
      <subfield code="0">(DE-588)3003048-1</subfield>
      <subfield code="0">https://d-nb.info/gnd/3003048-1</subfield>
      <subfield code="0">(DE-101)03003048X</subfield>
      <subfield code="D">b</subfield>
      <subfield code="a">AR</subfield>
    </datafield>
    <datafield tag="689" ind1="1" ind2="3">
      <subfield code="0">(DE-588)2083948-0</subfield>
      <subfield code="0">https://d-nb.info/gnd/2083948-0</subfield>
      <subfield code="0">(DE-101)007332122</subfield>
      <subfield code="D">b</subfield>
      <subfield code="a">Sprengel Museum Hannover</subfield>
    </datafield>
    <datafield tag="689" ind1="1" ind2=" ">
      <subfield code="5">DE-101d</subfield>
      <subfield code="5">DE-101d</subfield>
    </datafield>
    <datafield tag="700" ind1="1" ind2=" ">
      <subfield code="0">(DE-588)1222289954</subfield>
      <subfield code="0">https://d-nb.info/gnd/1222289954</subfield>
      <subfield code="0">(DE-101)1222289954</subfield>
      <subfield code="a">Pindera, Agnieszka</subfield>
      <subfield code="d">1981-</subfield>
      <subfield code="e">Herausgeber</subfield>
      <subfield code="4">edt</subfield>
      <subfield code="2">gnd</subfield>
    </datafield>
    <datafield tag="700" ind1="1" ind2=" ">
      <subfield code="0">(DE-588)1046212699</subfield>
      <subfield code="0">https://d-nb.info/gnd/1046212699</subfield>
      <subfield code="0">(DE-101)1046212699</subfield>
      <subfield code="a">Suchan, Jarosław</subfield>
      <subfield code="e">Herausgeber</subfield>
      <subfield code="4">edt</subfield>
      <subfield code="2">gnd</subfield>
    </datafield>
    <datafield tag="700" ind1="1" ind2=" ">
      <subfield code="a">Buchalik, Małgorzata</subfield>
      <subfield code="e">Verfasser von Zusatztexten</subfield>
      <subfield code="4">wat</subfield>
    </datafield>
    <datafield tag="700" ind1="1" ind2=" ">
      <subfield code="0">(DE-588)1230493395</subfield>
      <subfield code="0">https://d-nb.info/gnd/1230493395</subfield>
      <subfield code="0">(DE-101)1230493395</subfield>
      <subfield code="a">Figiel, Joanna</subfield>
      <subfield code="d">1985-</subfield>
      <subfield code="e">Verfasser von Zusatztexten</subfield>
      <subfield code="4">wat</subfield>
      <subfield code="2">gnd</subfield>
    </datafield>
    <datafield tag="710" ind1="2" ind2=" ">
      <subfield code="0">(DE-588)1029353-X</subfield>
      <subfield code="0">https://d-nb.info/gnd/1029353-X</subfield>
      <subfield code="0">(DE-101)004184211</subfield>
      <subfield code="a">Muzeum Sztuki</subfield>
      <subfield code="g">Lodz</subfield>
      <subfield code="e">Herausgebendes Organ</subfield>
      <subfield code="4">isb</subfield>
      <subfield code="e">Gastgebende Institution</subfield>
      <subfield code="4">his</subfield>
      <subfield code="2">gnd</subfield>
    </datafield>
    <datafield tag="850" ind1=" " ind2=" ">
      <subfield code="a">DE-101a</subfield>
    </datafield>
    <datafield tag="856" ind1="4" ind2="2">
      <subfield code="m">B:DE-101</subfield>
      <subfield code="q">application/pdf</subfield>
      <subfield code="u">https://d-nb.info/1295730979/04</subfield>
      <subfield code="3">Inhaltsverzeichnis</subfield>
    </datafield>
    <datafield tag="883" ind1="2" ind2=" ">
      <subfield code="8">1\p</subfield>
      <subfield code="a">dnb</subfield>
      <subfield code="d">20251124</subfield>
      <subfield code="q">DE-101</subfield>
      <subfield code="u">https://d-nb.info/provenance/plan#dnb</subfield>
    </datafield>
  </record></recordData><recordPosition>51</recordPosition></record>