<record><recordSchema>MARC21-xml</recordSchema><recordPacking>xml</recordPacking><recordData><record xmlns="http://www.loc.gov/MARC21/slim" type="Bibliographic">
    <leader>00000pam a2200000 c 4500</leader>
    <controlfield tag="001">115991205X</controlfield>
    <controlfield tag="003">DE-101</controlfield>
    <controlfield tag="005">20181212163536.0</controlfield>
    <controlfield tag="007">tu</controlfield>
    <controlfield tag="008">180522s2018    gw ||||| |||| 00||||ger  </controlfield>
    <datafield tag="015" ind1=" " ind2=" ">
      <subfield code="a">18,A34</subfield>
      <subfield code="z">18,N22</subfield>
      <subfield code="2">dnb</subfield>
    </datafield>
    <datafield tag="016" ind1="7" ind2=" ">
      <subfield code="2">DE-101</subfield>
      <subfield code="a">115991205X</subfield>
    </datafield>
    <datafield tag="020" ind1=" " ind2=" ">
      <subfield code="a">9783864422492</subfield>
      <subfield code="c">Festeinband : EUR 29.80 (DE), EUR 30.70 (AT)</subfield>
      <subfield code="9">978-3-86442-249-2</subfield>
    </datafield>
    <datafield tag="020" ind1=" " ind2=" ">
      <subfield code="a">3864422493</subfield>
      <subfield code="9">3-86442-249-3</subfield>
    </datafield>
    <datafield tag="024" ind1="3" ind2=" ">
      <subfield code="a">9783864422492</subfield>
    </datafield>
    <datafield tag="035" ind1=" " ind2=" ">
      <subfield code="a">(DE-599)DNB115991205X</subfield>
    </datafield>
    <datafield tag="035" ind1=" " ind2=" ">
      <subfield code="a">(OCoLC)1038060777</subfield>
    </datafield>
    <datafield tag="040" ind1=" " ind2=" ">
      <subfield code="a">1145</subfield>
      <subfield code="b">ger</subfield>
      <subfield code="c">DE-101</subfield>
      <subfield code="d">1250</subfield>
      <subfield code="e">rda</subfield>
    </datafield>
    <datafield tag="041" ind1=" " ind2=" ">
      <subfield code="a">ger</subfield>
    </datafield>
    <datafield tag="044" ind1=" " ind2=" ">
      <subfield code="c">XA-DE-NW</subfield>
    </datafield>
    <datafield tag="082" ind1="0" ind2="4">
      <subfield code="8">4\u</subfield>
      <subfield code="a">740.922</subfield>
      <subfield code="q">DE-101</subfield>
      <subfield code="2">23/ger</subfield>
    </datafield>
    <datafield tag="083" ind1="7" ind2=" ">
      <subfield code="8">5\p</subfield>
      <subfield code="a">740</subfield>
      <subfield code="q">DE-101</subfield>
      <subfield code="2">23sdnb</subfield>
    </datafield>
    <datafield tag="085" ind1=" " ind2=" ">
      <subfield code="8">4\u</subfield>
      <subfield code="b">740.9</subfield>
    </datafield>
    <datafield tag="085" ind1=" " ind2=" ">
      <subfield code="8">4\u</subfield>
      <subfield code="b">740</subfield>
    </datafield>
    <datafield tag="085" ind1=" " ind2=" ">
      <subfield code="8">4\u</subfield>
      <subfield code="z">1</subfield>
      <subfield code="s">0922</subfield>
    </datafield>
    <datafield tag="090" ind1=" " ind2=" ">
      <subfield code="a">b</subfield>
    </datafield>
    <datafield tag="245" ind1="0" ind2="0">
      <subfield code="a">Ella Bergmann-Michel und Robert Michel</subfield>
      <subfield code="b">ein Künstlerpaar der Moderne : der Nachlass Robert Michel und Ella Bergmann-Michel</subfield>
      <subfield code="c">herausgegeben von Karin Orchard ; Sprengel Museum Hannover</subfield>
    </datafield>
    <datafield tag="264" ind1=" " ind2="1">
      <subfield code="a">Köln</subfield>
      <subfield code="b">Snoeck</subfield>
      <subfield code="c">[2018]</subfield>
    </datafield>
    <datafield tag="300" ind1=" " ind2=" ">
      <subfield code="a">176 Seiten</subfield>
      <subfield code="c">27 cm</subfield>
    </datafield>
    <datafield tag="336" ind1=" " ind2=" ">
      <subfield code="a">unbewegtes Bild</subfield>
      <subfield code="b">sti</subfield>
      <subfield code="2">rdacontent</subfield>
    </datafield>
    <datafield tag="336" ind1=" " ind2=" ">
      <subfield code="a">Text</subfield>
      <subfield code="b">txt</subfield>
      <subfield code="2">rdacontent</subfield>
    </datafield>
    <datafield tag="337" ind1=" " ind2=" ">
      <subfield code="a">ohne Hilfsmittel zu benutzen</subfield>
      <subfield code="b">n</subfield>
      <subfield code="2">rdamedia</subfield>
    </datafield>
    <datafield tag="338" ind1=" " ind2=" ">
      <subfield code="a">Band</subfield>
      <subfield code="b">nc</subfield>
      <subfield code="2">rdacarrier</subfield>
    </datafield>
    <datafield tag="600" ind1="1" ind2="7">
      <subfield code="0">(DE-588)118876198</subfield>
      <subfield code="0">https://d-nb.info/gnd/118876198</subfield>
      <subfield code="0">(DE-101)118876198</subfield>
      <subfield code="a">Bergmann-Michel, Ella</subfield>
      <subfield code="d">1895-1971</subfield>
      <subfield code="9">rswk-swf</subfield>
      <subfield code="2">gnd</subfield>
    </datafield>
    <datafield tag="600" ind1="1" ind2="7">
      <subfield code="0">(DE-588)11887361X</subfield>
      <subfield code="0">https://d-nb.info/gnd/11887361X</subfield>
      <subfield code="0">(DE-101)11887361X</subfield>
      <subfield code="a">Michel, Robert</subfield>
      <subfield code="d">1897-1983</subfield>
      <subfield code="9">rswk-swf</subfield>
      <subfield code="2">gnd</subfield>
    </datafield>
    <datafield tag="650" ind1=" " ind2="7">
      <subfield code="0">(DE-588)4010384-5</subfield>
      <subfield code="0">https://d-nb.info/gnd/4010384-5</subfield>
      <subfield code="0">(DE-101)040103846</subfield>
      <subfield code="a">Collage</subfield>
      <subfield code="9">rswk-swf</subfield>
      <subfield code="2">gnd</subfield>
    </datafield>
    <datafield tag="650" ind1=" " ind2="7">
      <subfield code="0">(DE-588)4021845-4</subfield>
      <subfield code="0">https://d-nb.info/gnd/4021845-4</subfield>
      <subfield code="0">(DE-101)040218457</subfield>
      <subfield code="a">Grafik</subfield>
      <subfield code="9">rswk-swf</subfield>
      <subfield code="2">gnd</subfield>
    </datafield>
    <datafield tag="653" ind1=" " ind2=" ">
      <subfield code="a">(Produktform)Hardback</subfield>
    </datafield>
    <datafield tag="653" ind1=" " ind2=" ">
      <subfield code="a">(VLB-WN)1582: Hardcover, Softcover / Kunst/Kunstgeschichte</subfield>
    </datafield>
    <datafield tag="655" ind1=" " ind2="7">
      <subfield code="0">(DE-588)4135467-9</subfield>
      <subfield code="0">https://d-nb.info/gnd/4135467-9</subfield>
      <subfield code="0">(DE-101)041354672</subfield>
      <subfield code="a">Ausstellungskatalog</subfield>
      <subfield code="x">Sprengel Museum</subfield>
      <subfield code="y">26.05.2018-02.09.2018</subfield>
      <subfield code="z">Hannover</subfield>
      <subfield code="2">gnd-content</subfield>
    </datafield>
    <datafield tag="689" ind1="0" ind2="0">
      <subfield code="0">(DE-588)118876198</subfield>
      <subfield code="0">https://d-nb.info/gnd/118876198</subfield>
      <subfield code="0">(DE-101)118876198</subfield>
      <subfield code="D">p</subfield>
      <subfield code="a">Bergmann-Michel, Ella</subfield>
      <subfield code="d">1895-1971</subfield>
    </datafield>
    <datafield tag="689" ind1="0" ind2="1">
      <subfield code="0">(DE-588)11887361X</subfield>
      <subfield code="0">https://d-nb.info/gnd/11887361X</subfield>
      <subfield code="0">(DE-101)11887361X</subfield>
      <subfield code="D">p</subfield>
      <subfield code="a">Michel, Robert</subfield>
      <subfield code="d">1897-1983</subfield>
    </datafield>
    <datafield tag="689" ind1="0" ind2="2">
      <subfield code="0">(DE-588)4010384-5</subfield>
      <subfield code="0">https://d-nb.info/gnd/4010384-5</subfield>
      <subfield code="0">(DE-101)040103846</subfield>
      <subfield code="D">s</subfield>
      <subfield code="a">Collage</subfield>
    </datafield>
    <datafield tag="689" ind1="0" ind2="3">
      <subfield code="0">(DE-588)4021845-4</subfield>
      <subfield code="0">https://d-nb.info/gnd/4021845-4</subfield>
      <subfield code="0">(DE-101)040218457</subfield>
      <subfield code="D">s</subfield>
      <subfield code="a">Grafik</subfield>
    </datafield>
    <datafield tag="689" ind1="0" ind2=" ">
      <subfield code="5">DE-101</subfield>
      <subfield code="5">DE-101</subfield>
    </datafield>
    <datafield tag="700" ind1="1" ind2=" ">
      <subfield code="0">(DE-588)118876198</subfield>
      <subfield code="0">https://d-nb.info/gnd/118876198</subfield>
      <subfield code="0">(DE-101)118876198</subfield>
      <subfield code="a">Bergmann-Michel, Ella</subfield>
      <subfield code="d">1895-1971</subfield>
      <subfield code="e">Illustrator</subfield>
      <subfield code="4">ill</subfield>
      <subfield code="2">gnd</subfield>
    </datafield>
    <datafield tag="700" ind1="1" ind2=" ">
      <subfield code="0">(DE-588)11887361X</subfield>
      <subfield code="0">https://d-nb.info/gnd/11887361X</subfield>
      <subfield code="0">(DE-101)11887361X</subfield>
      <subfield code="a">Michel, Robert</subfield>
      <subfield code="d">1897-1983</subfield>
      <subfield code="e">Illustrator</subfield>
      <subfield code="4">ill</subfield>
      <subfield code="2">gnd</subfield>
    </datafield>
    <datafield tag="700" ind1="1" ind2=" ">
      <subfield code="0">(DE-588)115431047</subfield>
      <subfield code="0">https://d-nb.info/gnd/115431047</subfield>
      <subfield code="0">(DE-101)115431047</subfield>
      <subfield code="a">Orchard, Karin</subfield>
      <subfield code="d">1961-</subfield>
      <subfield code="e">Herausgeber</subfield>
      <subfield code="4">edt</subfield>
      <subfield code="2">gnd</subfield>
    </datafield>
    <datafield tag="700" ind1="1" ind2=" ">
      <subfield code="8">1\p</subfield>
      <subfield code="0">(DE-588)188490116</subfield>
      <subfield code="0">https://d-nb.info/gnd/188490116</subfield>
      <subfield code="0">(DE-101)188490116</subfield>
      <subfield code="a">Luke, Megan R.</subfield>
      <subfield code="d">1977-</subfield>
      <subfield code="e">Verfasser</subfield>
      <subfield code="4">aut</subfield>
      <subfield code="2">gnd</subfield>
    </datafield>
    <datafield tag="700" ind1="1" ind2=" ">
      <subfield code="a">Mattheis, LIsa Felicitas</subfield>
      <subfield code="e">Verfasser</subfield>
      <subfield code="4">aut</subfield>
    </datafield>
    <datafield tag="700" ind1="1" ind2=" ">
      <subfield code="a">Michel, Philipp</subfield>
      <subfield code="e">Verfasser</subfield>
      <subfield code="4">aut</subfield>
    </datafield>
    <datafield tag="700" ind1="1" ind2=" ">
      <subfield code="a">Michel, Sünke</subfield>
      <subfield code="e">Verfasser</subfield>
      <subfield code="4">aut</subfield>
    </datafield>
    <datafield tag="700" ind1="1" ind2=" ">
      <subfield code="8">2\p</subfield>
      <subfield code="0">(DE-588)115431047</subfield>
      <subfield code="0">https://d-nb.info/gnd/115431047</subfield>
      <subfield code="0">(DE-101)115431047</subfield>
      <subfield code="a">Orchard, Karin</subfield>
      <subfield code="d">1961-</subfield>
      <subfield code="e">Verfasser</subfield>
      <subfield code="4">aut</subfield>
      <subfield code="2">gnd</subfield>
    </datafield>
    <datafield tag="700" ind1="1" ind2=" ">
      <subfield code="a">Wiegand, Dörte</subfield>
      <subfield code="e">Verfasser</subfield>
      <subfield code="4">aut</subfield>
    </datafield>
    <datafield tag="710" ind1="2" ind2=" ">
      <subfield code="8">3\p</subfield>
      <subfield code="0">(DE-588)1065500041</subfield>
      <subfield code="0">https://d-nb.info/gnd/1065500041</subfield>
      <subfield code="0">(DE-101)1065500041</subfield>
      <subfield code="a">Snoeck Verlagsgesellschaft</subfield>
      <subfield code="e">Verlag</subfield>
      <subfield code="4">pbl</subfield>
      <subfield code="2">gnd</subfield>
    </datafield>
    <datafield tag="850" ind1=" " ind2=" ">
      <subfield code="a">DE-101a</subfield>
      <subfield code="a">DE-101b</subfield>
    </datafield>
    <datafield tag="856" ind1="4" ind2="2">
      <subfield code="m">B:DE-101</subfield>
      <subfield code="q">application/pdf</subfield>
      <subfield code="u">https://d-nb.info/115991205X/04</subfield>
      <subfield code="3">Inhaltsverzeichnis</subfield>
    </datafield>
    <datafield tag="883" ind1=" " ind2=" ">
      <subfield code="8">1\p</subfield>
      <subfield code="a">cgwrk</subfield>
      <subfield code="d">20210314</subfield>
      <subfield code="q">DE-101</subfield>
      <subfield code="u">https://d-nb.info/provenance/plan#cgwrk</subfield>
    </datafield>
    <datafield tag="883" ind1=" " ind2=" ">
      <subfield code="8">2\p</subfield>
      <subfield code="a">cgwrk</subfield>
      <subfield code="d">20210314</subfield>
      <subfield code="q">DE-101</subfield>
      <subfield code="u">https://d-nb.info/provenance/plan#cgwrk</subfield>
    </datafield>
    <datafield tag="883" ind1="1" ind2=" ">
      <subfield code="8">3\p</subfield>
      <subfield code="a">adb</subfield>
      <subfield code="d">20211003</subfield>
      <subfield code="q">DE-101</subfield>
      <subfield code="u">https://d-nb.info/provenance/plan#adb</subfield>
    </datafield>
    <datafield tag="883" ind1="2" ind2=" ">
      <subfield code="8">5\p</subfield>
      <subfield code="a">dnb</subfield>
      <subfield code="d">20180817</subfield>
      <subfield code="q">DE-101</subfield>
      <subfield code="u">https://d-nb.info/provenance/plan#dnb</subfield>
    </datafield>
    <datafield tag="925" ind1="r" ind2=" ">
      <subfield code="a">ra</subfield>
    </datafield>
  </record></recordData><recordPosition>70</recordPosition></record>