<record><recordSchema>MARC21-xml</recordSchema><recordPacking>xml</recordPacking><recordData><record xmlns="http://www.loc.gov/MARC21/slim" type="Bibliographic">
    <leader>00000nam a2200000 c 4500</leader>
    <controlfield tag="001">1158558708</controlfield>
    <controlfield tag="003">DE-101</controlfield>
    <controlfield tag="005">20241220080016.0</controlfield>
    <controlfield tag="007">tu</controlfield>
    <controlfield tag="008">180507s2018    gw ||||| |||| 00||||ger  </controlfield>
    <datafield tag="015" ind1=" " ind2=" ">
      <subfield code="a">19,B20</subfield>
      <subfield code="2">dnb</subfield>
    </datafield>
    <datafield tag="016" ind1="7" ind2=" ">
      <subfield code="2">DE-101</subfield>
      <subfield code="a">1158558708</subfield>
    </datafield>
    <datafield tag="020" ind1=" " ind2=" ">
      <subfield code="c">keine Bindung</subfield>
    </datafield>
    <datafield tag="035" ind1=" " ind2=" ">
      <subfield code="a">(DE-599)DNB1158558708</subfield>
    </datafield>
    <datafield tag="035" ind1=" " ind2=" ">
      <subfield code="a">(OCoLC)1080886111</subfield>
    </datafield>
    <datafield tag="040" ind1=" " ind2=" ">
      <subfield code="a">1230</subfield>
      <subfield code="b">ger</subfield>
      <subfield code="c">DE-101</subfield>
      <subfield code="d">9999</subfield>
      <subfield code="e">rda</subfield>
    </datafield>
    <datafield tag="041" ind1=" " ind2=" ">
      <subfield code="a">ger</subfield>
    </datafield>
    <datafield tag="044" ind1=" " ind2=" ">
      <subfield code="c">XA-DE</subfield>
    </datafield>
    <datafield tag="082" ind1="7" ind2="4">
      <subfield code="8">7\p</subfield>
      <subfield code="a">700</subfield>
      <subfield code="q">DE-101</subfield>
      <subfield code="2">23sdnb</subfield>
    </datafield>
    <datafield tag="090" ind1=" " ind2=" ">
      <subfield code="a">b</subfield>
    </datafield>
    <datafield tag="100" ind1="1" ind2=" ">
      <subfield code="8">1\p</subfield>
      <subfield code="0">(DE-588)131762052</subfield>
      <subfield code="0">https://d-nb.info/gnd/131762052</subfield>
      <subfield code="0">(DE-101)131762052</subfield>
      <subfield code="a">Baumann, Annette</subfield>
      <subfield code="e">Verfasser</subfield>
      <subfield code="4">aut</subfield>
      <subfield code="2">gnd</subfield>
    </datafield>
    <datafield tag="245" ind1="1" ind2="0">
      <subfield code="a">Fake news</subfield>
      <subfield code="b">Original + Kopie + Fälschung + ... : Sammlungspräsentation, Raum E3 im Erweiterungsbau, 20.02.-14.10.2018</subfield>
      <subfield code="c">Texte: Annette Baumann, Patricia Hartmann, Carina Plath</subfield>
    </datafield>
    <datafield tag="264" ind1=" " ind2="1">
      <subfield code="a">Hannover</subfield>
      <subfield code="b">Sprengel Museum Hannover</subfield>
      <subfield code="c">[2018]</subfield>
    </datafield>
    <datafield tag="300" ind1=" " ind2=" ">
      <subfield code="a">16 Seiten</subfield>
      <subfield code="c">21 cm</subfield>
    </datafield>
    <datafield tag="336" ind1=" " ind2=" ">
      <subfield code="a">Text</subfield>
      <subfield code="b">txt</subfield>
      <subfield code="2">rdacontent</subfield>
    </datafield>
    <datafield tag="337" ind1=" " ind2=" ">
      <subfield code="a">ohne Hilfsmittel zu benutzen</subfield>
      <subfield code="b">n</subfield>
      <subfield code="2">rdamedia</subfield>
    </datafield>
    <datafield tag="338" ind1=" " ind2=" ">
      <subfield code="a">Band</subfield>
      <subfield code="b">nc</subfield>
      <subfield code="2">rdacarrier</subfield>
    </datafield>
    <datafield tag="650" ind1=" " ind2="7">
      <subfield code="8">4\p</subfield>
      <subfield code="0">(DE-588)4152938-8</subfield>
      <subfield code="0">https://d-nb.info/gnd/4152938-8</subfield>
      <subfield code="0">(DE-101)041529383</subfield>
      <subfield code="a">Erweiterungsbau</subfield>
      <subfield code="2">gnd</subfield>
    </datafield>
    <datafield tag="650" ind1=" " ind2="7">
      <subfield code="8">5\p</subfield>
      <subfield code="0">(DE-588)4016247-3</subfield>
      <subfield code="0">https://d-nb.info/gnd/4016247-3</subfield>
      <subfield code="0">(DE-101)040162478</subfield>
      <subfield code="a">Fälschung</subfield>
      <subfield code="2">gnd</subfield>
    </datafield>
    <datafield tag="650" ind1=" " ind2="7">
      <subfield code="8">6\p</subfield>
      <subfield code="0">(DE-588)4232796-9</subfield>
      <subfield code="0">https://d-nb.info/gnd/4232796-9</subfield>
      <subfield code="0">(DE-101)042327962</subfield>
      <subfield code="a">Imitationsprodukt</subfield>
      <subfield code="2">gnd</subfield>
    </datafield>
    <datafield tag="700" ind1="1" ind2=" ">
      <subfield code="8">2\p</subfield>
      <subfield code="0">(DE-588)135148883X</subfield>
      <subfield code="0">https://d-nb.info/gnd/135148883X</subfield>
      <subfield code="0">(DE-101)135148883X</subfield>
      <subfield code="a">Hartmann, Patricia</subfield>
      <subfield code="e">Verfasser</subfield>
      <subfield code="4">aut</subfield>
      <subfield code="2">gnd</subfield>
    </datafield>
    <datafield tag="700" ind1="1" ind2=" ">
      <subfield code="8">3\p</subfield>
      <subfield code="0">(DE-588)1235825574</subfield>
      <subfield code="0">https://d-nb.info/gnd/1235825574</subfield>
      <subfield code="0">(DE-101)1235825574</subfield>
      <subfield code="a">Plath, Carina</subfield>
      <subfield code="d">1966-</subfield>
      <subfield code="e">Verfasser</subfield>
      <subfield code="4">aut</subfield>
      <subfield code="2">gnd</subfield>
    </datafield>
    <datafield tag="850" ind1=" " ind2=" ">
      <subfield code="a">DE-101a</subfield>
      <subfield code="a">DE-101b</subfield>
    </datafield>
    <datafield tag="856" ind1="4" ind2="2">
      <subfield code="m">B:DE-101</subfield>
      <subfield code="q">application/pdf</subfield>
      <subfield code="u">https://d-nb.info/1158558708/04</subfield>
      <subfield code="3">Inhaltsverzeichnis</subfield>
    </datafield>
    <datafield tag="883" ind1=" " ind2=" ">
      <subfield code="8">1\p</subfield>
      <subfield code="a">cgwrk</subfield>
      <subfield code="d">20210314</subfield>
      <subfield code="q">DE-101</subfield>
      <subfield code="u">https://d-nb.info/provenance/plan#cgwrk</subfield>
    </datafield>
    <datafield tag="883" ind1=" " ind2=" ">
      <subfield code="8">2\p</subfield>
      <subfield code="a">cgwrk</subfield>
      <subfield code="d">20241220</subfield>
      <subfield code="q">DE-101</subfield>
      <subfield code="u">https://d-nb.info/provenance/plan#cgwrk</subfield>
    </datafield>
    <datafield tag="883" ind1="2" ind2=" ">
      <subfield code="8">3\p</subfield>
      <subfield code="a">dnb</subfield>
      <subfield code="d">20211022</subfield>
      <subfield code="q">DE-101</subfield>
      <subfield code="u">https://d-nb.info/provenance/plan#dnb</subfield>
    </datafield>
    <datafield tag="883" ind1="0" ind2=" ">
      <subfield code="8">4\p</subfield>
      <subfield code="a">aepgnd</subfield>
      <subfield code="c">0,16616</subfield>
      <subfield code="d">20190417</subfield>
      <subfield code="q">DE-101</subfield>
      <subfield code="u">https://d-nb.info/provenance/plan#aepgnd</subfield>
    </datafield>
    <datafield tag="883" ind1="0" ind2=" ">
      <subfield code="8">5\p</subfield>
      <subfield code="a">aepgnd</subfield>
      <subfield code="c">0,05477</subfield>
      <subfield code="d">20190417</subfield>
      <subfield code="q">DE-101</subfield>
      <subfield code="u">https://d-nb.info/provenance/plan#aepgnd</subfield>
    </datafield>
    <datafield tag="883" ind1="0" ind2=" ">
      <subfield code="8">6\p</subfield>
      <subfield code="a">aepgnd</subfield>
      <subfield code="c">0,04973</subfield>
      <subfield code="d">20190417</subfield>
      <subfield code="q">DE-101</subfield>
      <subfield code="u">https://d-nb.info/provenance/plan#aepgnd</subfield>
    </datafield>
    <datafield tag="883" ind1="2" ind2=" ">
      <subfield code="8">7\p</subfield>
      <subfield code="a">dnb</subfield>
      <subfield code="d">20190507</subfield>
      <subfield code="q">DE-101</subfield>
      <subfield code="u">https://d-nb.info/provenance/plan#dnb</subfield>
    </datafield>
    <datafield tag="925" ind1="r" ind2=" ">
      <subfield code="a">rb</subfield>
    </datafield>
  </record></recordData><recordPosition>71</recordPosition></record>