<record><recordSchema>MARC21-xml</recordSchema><recordPacking>xml</recordPacking><recordData><record xmlns="http://www.loc.gov/MARC21/slim" type="Bibliographic">
    <leader>00000pam a2200000 c 4500</leader>
    <controlfield tag="001">1100706836</controlfield>
    <controlfield tag="003">DE-101</controlfield>
    <controlfield tag="005">20260313170218.0</controlfield>
    <controlfield tag="007">tu</controlfield>
    <controlfield tag="008">160519s2018    gw ||||| |||| 00||||eng  </controlfield>
    <datafield tag="015" ind1=" " ind2=" ">
      <subfield code="a">19,A07</subfield>
      <subfield code="z">16,N21</subfield>
      <subfield code="2">dnb</subfield>
    </datafield>
    <datafield tag="016" ind1="7" ind2=" ">
      <subfield code="2">DE-101</subfield>
      <subfield code="a">1100706836</subfield>
    </datafield>
    <datafield tag="020" ind1=" " ind2=" ">
      <subfield code="a">9783959051033</subfield>
      <subfield code="c">Gewebe : EUR 28.00 (DE), EUR 28.80 (AT)</subfield>
      <subfield code="9">978-3-95905-103-3</subfield>
    </datafield>
    <datafield tag="020" ind1=" " ind2=" ">
      <subfield code="a">3959051034</subfield>
      <subfield code="9">3-95905-103-4</subfield>
    </datafield>
    <datafield tag="024" ind1="3" ind2=" ">
      <subfield code="a">9783959051033</subfield>
    </datafield>
    <datafield tag="035" ind1=" " ind2=" ">
      <subfield code="a">(DE-599)DNB1100706836</subfield>
    </datafield>
    <datafield tag="035" ind1=" " ind2=" ">
      <subfield code="a">(OCoLC)950693178</subfield>
    </datafield>
    <datafield tag="040" ind1=" " ind2=" ">
      <subfield code="a">1145</subfield>
      <subfield code="b">ger</subfield>
      <subfield code="c">DE-101</subfield>
      <subfield code="d">9999</subfield>
      <subfield code="e">rda</subfield>
    </datafield>
    <datafield tag="041" ind1=" " ind2=" ">
      <subfield code="a">eng</subfield>
      <subfield code="a">ger</subfield>
    </datafield>
    <datafield tag="044" ind1=" " ind2=" ">
      <subfield code="c">XA-DE-SN</subfield>
    </datafield>
    <datafield tag="082" ind1="0" ind2="4">
      <subfield code="8">3\u</subfield>
      <subfield code="a">779.2092</subfield>
      <subfield code="q">DE-101</subfield>
      <subfield code="2">23/ger</subfield>
    </datafield>
    <datafield tag="083" ind1="7" ind2=" ">
      <subfield code="8">4\p</subfield>
      <subfield code="a">770</subfield>
      <subfield code="q">DE-101</subfield>
      <subfield code="2">23sdnb</subfield>
    </datafield>
    <datafield tag="085" ind1=" " ind2=" ">
      <subfield code="8">3\u</subfield>
      <subfield code="b">779</subfield>
    </datafield>
    <datafield tag="085" ind1=" " ind2=" ">
      <subfield code="8">3\u</subfield>
      <subfield code="s">704.942</subfield>
    </datafield>
    <datafield tag="085" ind1=" " ind2=" ">
      <subfield code="8">3\u</subfield>
      <subfield code="z">1</subfield>
      <subfield code="s">092</subfield>
    </datafield>
    <datafield tag="100" ind1="1" ind2=" ">
      <subfield code="0">(DE-588)118600656</subfield>
      <subfield code="0">https://d-nb.info/gnd/118600656</subfield>
      <subfield code="0">(DE-101)118600656</subfield>
      <subfield code="a">Riebesehl, Heinrich</subfield>
      <subfield code="d">1938-2010</subfield>
      <subfield code="e">Fotograf</subfield>
      <subfield code="4">pht</subfield>
      <subfield code="2">gnd</subfield>
    </datafield>
    <datafield tag="245" ind1="1" ind2="0">
      <subfield code="a">Menschen im Fahrstuhl</subfield>
      <subfield code="b">= People in the elevator</subfield>
      <subfield code="c">Heinrich Riebesehl ; herausgegeben von Inka Schube</subfield>
    </datafield>
    <datafield tag="246" ind1="1" ind2="1">
      <subfield code="a">People in the elevator</subfield>
    </datafield>
    <datafield tag="250" ind1=" " ind2=" ">
      <subfield code="a">1. Auflage</subfield>
    </datafield>
    <datafield tag="264" ind1=" " ind2="1">
      <subfield code="a">Leipzig</subfield>
      <subfield code="b">Spector Books</subfield>
      <subfield code="c">[2018]</subfield>
    </datafield>
    <datafield tag="300" ind1=" " ind2=" ">
      <subfield code="a">114 ungezählte Seiten</subfield>
      <subfield code="c">20 cm</subfield>
      <subfield code="e">1 Poster</subfield>
    </datafield>
    <datafield tag="336" ind1=" " ind2=" ">
      <subfield code="a">Text</subfield>
      <subfield code="b">txt</subfield>
      <subfield code="2">rdacontent</subfield>
    </datafield>
    <datafield tag="336" ind1=" " ind2=" ">
      <subfield code="a">unbewegtes Bild</subfield>
      <subfield code="b">sti</subfield>
      <subfield code="2">rdacontent</subfield>
    </datafield>
    <datafield tag="337" ind1=" " ind2=" ">
      <subfield code="a">ohne Hilfsmittel zu benutzen</subfield>
      <subfield code="b">n</subfield>
      <subfield code="2">rdamedia</subfield>
    </datafield>
    <datafield tag="338" ind1=" " ind2=" ">
      <subfield code="a">Band</subfield>
      <subfield code="b">nc</subfield>
      <subfield code="2">rdacarrier</subfield>
    </datafield>
    <datafield tag="600" ind1="1" ind2="7">
      <subfield code="0">(DE-588)118600656</subfield>
      <subfield code="0">https://d-nb.info/gnd/118600656</subfield>
      <subfield code="0">(DE-101)118600656</subfield>
      <subfield code="a">Riebesehl, Heinrich</subfield>
      <subfield code="d">1938-2010</subfield>
      <subfield code="9">rswk-swf</subfield>
      <subfield code="2">gnd</subfield>
    </datafield>
    <datafield tag="648" ind1=" " ind2="7">
      <subfield code="a">Geschichte 1969</subfield>
      <subfield code="9">rswk-swf</subfield>
      <subfield code="2">gnd</subfield>
    </datafield>
    <datafield tag="650" ind1=" " ind2="7">
      <subfield code="0">(DE-588)4121634-9</subfield>
      <subfield code="0">https://d-nb.info/gnd/4121634-9</subfield>
      <subfield code="0">(DE-101)041216342</subfield>
      <subfield code="a">Schwarzweißfotografie</subfield>
      <subfield code="9">rswk-swf</subfield>
      <subfield code="2">gnd</subfield>
    </datafield>
    <datafield tag="650" ind1=" " ind2="7">
      <subfield code="0">(DE-588)4046840-9</subfield>
      <subfield code="0">https://d-nb.info/gnd/4046840-9</subfield>
      <subfield code="0">(DE-101)040468402</subfield>
      <subfield code="a">Porträtfotografie</subfield>
      <subfield code="9">rswk-swf</subfield>
      <subfield code="2">gnd</subfield>
    </datafield>
    <datafield tag="650" ind1=" " ind2="7">
      <subfield code="0">(DE-588)4129902-4</subfield>
      <subfield code="0">https://d-nb.info/gnd/4129902-4</subfield>
      <subfield code="0">(DE-101)041299027</subfield>
      <subfield code="a">Aufzug</subfield>
      <subfield code="g">Fördermittel</subfield>
      <subfield code="9">rswk-swf</subfield>
      <subfield code="2">gnd</subfield>
    </datafield>
    <datafield tag="651" ind1=" " ind2="7">
      <subfield code="0">(DE-588)4023349-2</subfield>
      <subfield code="0">https://d-nb.info/gnd/4023349-2</subfield>
      <subfield code="0">(DE-101)040233499</subfield>
      <subfield code="a">Hannover</subfield>
      <subfield code="9">rswk-swf</subfield>
      <subfield code="2">gnd</subfield>
    </datafield>
    <datafield tag="653" ind1=" " ind2=" ">
      <subfield code="a">(Produktform)Hardback</subfield>
    </datafield>
    <datafield tag="653" ind1=" " ind2=" ">
      <subfield code="a">(Produktform (spezifisch))Cloth over boards</subfield>
    </datafield>
    <datafield tag="653" ind1=" " ind2=" ">
      <subfield code="a">(Produktform (spezifisch))Sewn</subfield>
    </datafield>
    <datafield tag="653" ind1=" " ind2=" ">
      <subfield code="a">(DDC-Sachgruppen der Deutschen Nationalbibliografie)770: Fotografie, Computerkunst</subfield>
    </datafield>
    <datafield tag="653" ind1=" " ind2=" ">
      <subfield code="a">1960er Jahre</subfield>
    </datafield>
    <datafield tag="653" ind1=" " ind2=" ">
      <subfield code="a">Fahrstuhl</subfield>
    </datafield>
    <datafield tag="653" ind1=" " ind2=" ">
      <subfield code="a">Fotografie</subfield>
    </datafield>
    <datafield tag="653" ind1=" " ind2=" ">
      <subfield code="a">(VLB-WN)1587: Hardcover, Softcover / Kunst/Fotografie, Film, Video, TV</subfield>
    </datafield>
    <datafield tag="655" ind1=" " ind2="7">
      <subfield code="0">(DE-588)4145395-5</subfield>
      <subfield code="0">https://d-nb.info/gnd/4145395-5</subfield>
      <subfield code="0">(DE-101)041453956</subfield>
      <subfield code="a">Bildband</subfield>
      <subfield code="2">gnd-content</subfield>
    </datafield>
    <datafield tag="655" ind1=" " ind2="7">
      <subfield code="0">(DE-588)4135467-9</subfield>
      <subfield code="0">https://d-nb.info/gnd/4135467-9</subfield>
      <subfield code="0">(DE-101)041354672</subfield>
      <subfield code="a">Ausstellungskatalog</subfield>
      <subfield code="x">Sprengel Museum Hannover</subfield>
      <subfield code="y">10.03.2018-03.06.2018</subfield>
      <subfield code="z">Hannover</subfield>
      <subfield code="2">gnd-content</subfield>
    </datafield>
    <datafield tag="689" ind1="0" ind2="0">
      <subfield code="0">(DE-588)118600656</subfield>
      <subfield code="0">https://d-nb.info/gnd/118600656</subfield>
      <subfield code="0">(DE-101)118600656</subfield>
      <subfield code="D">p</subfield>
      <subfield code="a">Riebesehl, Heinrich</subfield>
      <subfield code="d">1938-2010</subfield>
    </datafield>
    <datafield tag="689" ind1="0" ind2="1">
      <subfield code="0">(DE-588)4121634-9</subfield>
      <subfield code="0">https://d-nb.info/gnd/4121634-9</subfield>
      <subfield code="0">(DE-101)041216342</subfield>
      <subfield code="D">s</subfield>
      <subfield code="a">Schwarzweißfotografie</subfield>
    </datafield>
    <datafield tag="689" ind1="0" ind2="2">
      <subfield code="0">(DE-588)4046840-9</subfield>
      <subfield code="0">https://d-nb.info/gnd/4046840-9</subfield>
      <subfield code="0">(DE-101)040468402</subfield>
      <subfield code="D">s</subfield>
      <subfield code="a">Porträtfotografie</subfield>
    </datafield>
    <datafield tag="689" ind1="0" ind2="3">
      <subfield code="0">(DE-588)4023349-2</subfield>
      <subfield code="0">https://d-nb.info/gnd/4023349-2</subfield>
      <subfield code="0">(DE-101)040233499</subfield>
      <subfield code="D">g</subfield>
      <subfield code="a">Hannover</subfield>
    </datafield>
    <datafield tag="689" ind1="0" ind2="4">
      <subfield code="0">(DE-588)4129902-4</subfield>
      <subfield code="0">https://d-nb.info/gnd/4129902-4</subfield>
      <subfield code="0">(DE-101)041299027</subfield>
      <subfield code="D">s</subfield>
      <subfield code="a">Aufzug</subfield>
      <subfield code="g">Fördermittel</subfield>
    </datafield>
    <datafield tag="689" ind1="0" ind2="5">
      <subfield code="A">z</subfield>
      <subfield code="a">Geschichte 1969</subfield>
    </datafield>
    <datafield tag="689" ind1="0" ind2=" ">
      <subfield code="5">DE-101</subfield>
      <subfield code="5">DE-101</subfield>
    </datafield>
    <datafield tag="700" ind1="1" ind2=" ">
      <subfield code="0">(DE-588)112866018</subfield>
      <subfield code="0">https://d-nb.info/gnd/112866018</subfield>
      <subfield code="0">(DE-101)112866018</subfield>
      <subfield code="a">Schube, Inka</subfield>
      <subfield code="d">1961-</subfield>
      <subfield code="e">Herausgeber</subfield>
      <subfield code="4">edt</subfield>
      <subfield code="2">gnd</subfield>
    </datafield>
    <datafield tag="700" ind1="1" ind2=" ">
      <subfield code="8">1\p</subfield>
      <subfield code="0">(DE-588)1160332398</subfield>
      <subfield code="0">https://d-nb.info/gnd/1160332398</subfield>
      <subfield code="0">(DE-101)1160332398</subfield>
      <subfield code="a">Bremer, Fabian</subfield>
      <subfield code="e">Sonstige</subfield>
      <subfield code="4">oth</subfield>
      <subfield code="2">gnd</subfield>
    </datafield>
    <datafield tag="700" ind1="1" ind2=" ">
      <subfield code="a">Storz, Pascal</subfield>
      <subfield code="e">Sonstige</subfield>
      <subfield code="4">oth</subfield>
    </datafield>
    <datafield tag="710" ind1="2" ind2=" ">
      <subfield code="8">2\p</subfield>
      <subfield code="0">(DE-588)1065024045</subfield>
      <subfield code="0">https://d-nb.info/gnd/1065024045</subfield>
      <subfield code="0">(DE-101)1065024045</subfield>
      <subfield code="a">Spector Books OHG</subfield>
      <subfield code="e">Verlag</subfield>
      <subfield code="4">pbl</subfield>
      <subfield code="2">gnd</subfield>
    </datafield>
    <datafield tag="710" ind1="2" ind2=" ">
      <subfield code="a">Sprengel Museum Hannover</subfield>
      <subfield code="e">Herausgeber</subfield>
      <subfield code="4">edt</subfield>
    </datafield>
    <datafield tag="850" ind1=" " ind2=" ">
      <subfield code="a">DE-101a</subfield>
      <subfield code="a">DE-101b</subfield>
    </datafield>
    <datafield tag="883" ind1="0" ind2=" ">
      <subfield code="8">1\p</subfield>
      <subfield code="a">ptc002</subfield>
      <subfield code="d">20260117</subfield>
      <subfield code="q">DE-101</subfield>
      <subfield code="u">https://d-nb.info/provenance/plan#ptc002</subfield>
    </datafield>
    <datafield tag="883" ind1="1" ind2=" ">
      <subfield code="8">2\p</subfield>
      <subfield code="a">adb</subfield>
      <subfield code="d">20211002</subfield>
      <subfield code="q">DE-101</subfield>
      <subfield code="u">https://d-nb.info/provenance/plan#adb</subfield>
    </datafield>
    <datafield tag="883" ind1="2" ind2=" ">
      <subfield code="8">4\p</subfield>
      <subfield code="a">dnb</subfield>
      <subfield code="d">20190204</subfield>
      <subfield code="q">DE-101</subfield>
      <subfield code="u">https://d-nb.info/provenance/plan#dnb</subfield>
    </datafield>
    <datafield tag="925" ind1="r" ind2=" ">
      <subfield code="a">ra</subfield>
    </datafield>
    <datafield tag="926" ind1="1" ind2=" ">
      <subfield code="a">AJ</subfield>
      <subfield code="o">93</subfield>
      <subfield code="q">Publisher</subfield>
      <subfield code="v">1.2</subfield>
      <subfield code="x">Fotografie</subfield>
    </datafield>
    <datafield tag="926" ind1="2" ind2=" ">
      <subfield code="a">3MPQ</subfield>
      <subfield code="o">96</subfield>
      <subfield code="q">Publisher</subfield>
      <subfield code="v">1.2</subfield>
      <subfield code="x">Zweite Hälfte 20. Jahrhundert (1950 bis 1999 n. Chr.)</subfield>
    </datafield>
  </record></recordData><recordPosition>74</recordPosition></record>