<record><recordSchema>MARC21-xml</recordSchema><recordPacking>xml</recordPacking><recordData><record xmlns="http://www.loc.gov/MARC21/slim" type="Bibliographic">
    <leader>00000pam a2200000 c 4500</leader>
    <controlfield tag="001">1138581755</controlfield>
    <controlfield tag="003">DE-101</controlfield>
    <controlfield tag="005">20180809223011.0</controlfield>
    <controlfield tag="007">tu</controlfield>
    <controlfield tag="008">170821s2017    gw ||||| |||| 00||||ger  </controlfield>
    <datafield tag="015" ind1=" " ind2=" ">
      <subfield code="a">18,B33</subfield>
      <subfield code="z">17,N35</subfield>
      <subfield code="2">dnb</subfield>
    </datafield>
    <datafield tag="016" ind1="7" ind2=" ">
      <subfield code="2">DE-101</subfield>
      <subfield code="a">1138581755</subfield>
    </datafield>
    <datafield tag="020" ind1=" " ind2=" ">
      <subfield code="a">9783891692387</subfield>
      <subfield code="c">Festeinband : EUR 19.00 (DE), EUR 19.60 (AT)</subfield>
      <subfield code="9">978-3-89169-238-7</subfield>
    </datafield>
    <datafield tag="020" ind1=" " ind2=" ">
      <subfield code="a">3891692382</subfield>
      <subfield code="9">3-89169-238-2</subfield>
    </datafield>
    <datafield tag="024" ind1="3" ind2=" ">
      <subfield code="a">9783891692387</subfield>
    </datafield>
    <datafield tag="035" ind1=" " ind2=" ">
      <subfield code="a">(DE-599)DNB1138581755</subfield>
    </datafield>
    <datafield tag="035" ind1=" " ind2=" ">
      <subfield code="a">(OCoLC)1002309123</subfield>
    </datafield>
    <datafield tag="040" ind1=" " ind2=" ">
      <subfield code="a">1245</subfield>
      <subfield code="b">ger</subfield>
      <subfield code="c">DE-101</subfield>
      <subfield code="d">9999</subfield>
      <subfield code="e">rda</subfield>
    </datafield>
    <datafield tag="041" ind1=" " ind2=" ">
      <subfield code="a">ger</subfield>
    </datafield>
    <datafield tag="044" ind1=" " ind2=" ">
      <subfield code="c">XA-DE-NI</subfield>
    </datafield>
    <datafield tag="082" ind1="7" ind2="4">
      <subfield code="8">7\p</subfield>
      <subfield code="a">730</subfield>
      <subfield code="a">700</subfield>
      <subfield code="q">DE-101</subfield>
      <subfield code="2">23sdnb</subfield>
    </datafield>
    <datafield tag="090" ind1=" " ind2=" ">
      <subfield code="a">b</subfield>
    </datafield>
    <datafield tag="245" ind1="0" ind2="0">
      <subfield code="a">Emil Cimiotti zum 90.</subfield>
      <subfield code="b">Plastiken, Papierreliefs, Notizen</subfield>
      <subfield code="c">herausgegeben von Christa Lichtenstern und Reinhard Spieler</subfield>
    </datafield>
    <datafield tag="264" ind1=" " ind2="1">
      <subfield code="a">Hannover</subfield>
      <subfield code="b">Sprengel Museum Hannover</subfield>
      <subfield code="c">[2017]</subfield>
    </datafield>
    <datafield tag="300" ind1=" " ind2=" ">
      <subfield code="a">64 Seiten</subfield>
      <subfield code="b">Illustrationen</subfield>
      <subfield code="c">21 x 31 cm, 560 g</subfield>
    </datafield>
    <datafield tag="336" ind1=" " ind2=" ">
      <subfield code="a">Text</subfield>
      <subfield code="b">txt</subfield>
      <subfield code="2">rdacontent</subfield>
    </datafield>
    <datafield tag="336" ind1=" " ind2=" ">
      <subfield code="a">unbewegtes Bild</subfield>
      <subfield code="b">sti</subfield>
      <subfield code="2">rdacontent</subfield>
    </datafield>
    <datafield tag="337" ind1=" " ind2=" ">
      <subfield code="a">ohne Hilfsmittel zu benutzen</subfield>
      <subfield code="b">n</subfield>
      <subfield code="2">rdamedia</subfield>
    </datafield>
    <datafield tag="338" ind1=" " ind2=" ">
      <subfield code="a">Band</subfield>
      <subfield code="b">nc</subfield>
      <subfield code="2">rdacarrier</subfield>
    </datafield>
    <datafield tag="600" ind1="1" ind2="7">
      <subfield code="8">3\p</subfield>
      <subfield code="0">(DE-588)118520830</subfield>
      <subfield code="0">https://d-nb.info/gnd/118520830</subfield>
      <subfield code="0">(DE-101)118520830</subfield>
      <subfield code="a">Cimiotti, Emil</subfield>
      <subfield code="d">1927-2019</subfield>
      <subfield code="2">gnd</subfield>
    </datafield>
    <datafield tag="650" ind1=" " ind2="7">
      <subfield code="8">4\p</subfield>
      <subfield code="0">(DE-588)4206777-7</subfield>
      <subfield code="0">https://d-nb.info/gnd/4206777-7</subfield>
      <subfield code="0">(DE-101)042067774</subfield>
      <subfield code="a">Notiz</subfield>
      <subfield code="2">gnd</subfield>
    </datafield>
    <datafield tag="650" ind1=" " ind2="7">
      <subfield code="8">5\p</subfield>
      <subfield code="0">(DE-588)4046277-8</subfield>
      <subfield code="0">https://d-nb.info/gnd/4046277-8</subfield>
      <subfield code="0">(DE-101)040462773</subfield>
      <subfield code="a">Plastik</subfield>
      <subfield code="2">gnd</subfield>
    </datafield>
    <datafield tag="650" ind1=" " ind2="7">
      <subfield code="8">6\p</subfield>
      <subfield code="0">(DE-588)4129601-1</subfield>
      <subfield code="0">https://d-nb.info/gnd/4129601-1</subfield>
      <subfield code="0">(DE-101)04129601X</subfield>
      <subfield code="a">Ausstellung</subfield>
      <subfield code="2">gnd</subfield>
    </datafield>
    <datafield tag="653" ind1=" " ind2=" ">
      <subfield code="a">(Produktform)Hardback</subfield>
    </datafield>
    <datafield tag="653" ind1=" " ind2=" ">
      <subfield code="a">(Zielgruppe)Allgemein</subfield>
    </datafield>
    <datafield tag="653" ind1=" " ind2=" ">
      <subfield code="a">(Zielgruppe)Museumsbesucher, Kunstinteressierte</subfield>
    </datafield>
    <datafield tag="653" ind1=" " ind2=" ">
      <subfield code="a">(Produktform (spezifisch))Paper over boards</subfield>
    </datafield>
    <datafield tag="653" ind1=" " ind2=" ">
      <subfield code="a">Cimiotti, Emil</subfield>
    </datafield>
    <datafield tag="653" ind1=" " ind2=" ">
      <subfield code="a">Plastik</subfield>
    </datafield>
    <datafield tag="653" ind1=" " ind2=" ">
      <subfield code="a">Relief / Papier</subfield>
    </datafield>
    <datafield tag="653" ind1=" " ind2=" ">
      <subfield code="a">(VLB-WN)1583: Hardcover, Softcover / Kunst/Bildende Kunst</subfield>
    </datafield>
    <datafield tag="655" ind1=" " ind2="7">
      <subfield code="0">(DE-588)4135467-9</subfield>
      <subfield code="0">https://d-nb.info/gnd/4135467-9</subfield>
      <subfield code="0">(DE-101)041354672</subfield>
      <subfield code="a">Ausstellungskatalog</subfield>
      <subfield code="x">Sprengel Museum Hannover</subfield>
      <subfield code="y">19.08.2017-19.11.2017</subfield>
      <subfield code="z">Hannover</subfield>
      <subfield code="2">gnd-content</subfield>
    </datafield>
    <datafield tag="700" ind1="1" ind2=" ">
      <subfield code="0">(DE-588)124433677</subfield>
      <subfield code="0">https://d-nb.info/gnd/124433677</subfield>
      <subfield code="0">(DE-101)124433677</subfield>
      <subfield code="a">Lichtenstern, Christa</subfield>
      <subfield code="d">1943-</subfield>
      <subfield code="e">Herausgeber</subfield>
      <subfield code="4">edt</subfield>
      <subfield code="2">gnd</subfield>
    </datafield>
    <datafield tag="700" ind1="1" ind2=" ">
      <subfield code="8">1\p</subfield>
      <subfield code="0">(DE-588)123238277</subfield>
      <subfield code="0">https://d-nb.info/gnd/123238277</subfield>
      <subfield code="0">(DE-101)123238277</subfield>
      <subfield code="a">Spieler, Reinhard</subfield>
      <subfield code="d">1964-</subfield>
      <subfield code="e">Herausgeber</subfield>
      <subfield code="4">edt</subfield>
      <subfield code="2">gnd</subfield>
    </datafield>
    <datafield tag="710" ind1="2" ind2=" ">
      <subfield code="a">Landeshauptstadt Hannover</subfield>
      <subfield code="b">Sprengel Museum Hannover</subfield>
      <subfield code="e">Herausgebendes Organ</subfield>
      <subfield code="4">isb</subfield>
    </datafield>
    <datafield tag="710" ind1="2" ind2=" ">
      <subfield code="8">2\p</subfield>
      <subfield code="0">(DE-588)2083948-0</subfield>
      <subfield code="0">https://d-nb.info/gnd/2083948-0</subfield>
      <subfield code="0">(DE-101)007332122</subfield>
      <subfield code="a">Sprengel Museum Hannover</subfield>
      <subfield code="e">Verlag</subfield>
      <subfield code="4">pbl</subfield>
      <subfield code="2">gnd</subfield>
    </datafield>
    <datafield tag="850" ind1=" " ind2=" ">
      <subfield code="a">DE-101a</subfield>
      <subfield code="a">DE-101b</subfield>
    </datafield>
    <datafield tag="856" ind1="4" ind2="2">
      <subfield code="m">B:DE-101</subfield>
      <subfield code="q">application/pdf</subfield>
      <subfield code="u">https://d-nb.info/1138581755/04</subfield>
      <subfield code="3">Inhaltsverzeichnis</subfield>
    </datafield>
    <datafield tag="883" ind1=" " ind2=" ">
      <subfield code="8">1\p</subfield>
      <subfield code="a">cgwrk</subfield>
      <subfield code="d">20210314</subfield>
      <subfield code="q">DE-101</subfield>
      <subfield code="u">https://d-nb.info/provenance/plan#cgwrk</subfield>
    </datafield>
    <datafield tag="883" ind1="1" ind2=" ">
      <subfield code="8">2\p</subfield>
      <subfield code="a">adb</subfield>
      <subfield code="d">20211003</subfield>
      <subfield code="q">DE-101</subfield>
      <subfield code="u">https://d-nb.info/provenance/plan#adb</subfield>
    </datafield>
    <datafield tag="883" ind1="0" ind2=" ">
      <subfield code="8">3\p</subfield>
      <subfield code="a">aepgnd</subfield>
      <subfield code="c">1,00000</subfield>
      <subfield code="d">20180803</subfield>
      <subfield code="q">DE-101</subfield>
      <subfield code="u">https://d-nb.info/provenance/plan#aepgnd</subfield>
    </datafield>
    <datafield tag="883" ind1="0" ind2=" ">
      <subfield code="8">4\p</subfield>
      <subfield code="a">aepgnd</subfield>
      <subfield code="c">0,31603</subfield>
      <subfield code="d">20180803</subfield>
      <subfield code="q">DE-101</subfield>
      <subfield code="u">https://d-nb.info/provenance/plan#aepgnd</subfield>
    </datafield>
    <datafield tag="883" ind1="0" ind2=" ">
      <subfield code="8">5\p</subfield>
      <subfield code="a">aepgnd</subfield>
      <subfield code="c">0,30098</subfield>
      <subfield code="d">20180803</subfield>
      <subfield code="q">DE-101</subfield>
      <subfield code="u">https://d-nb.info/provenance/plan#aepgnd</subfield>
    </datafield>
    <datafield tag="883" ind1="0" ind2=" ">
      <subfield code="8">6\p</subfield>
      <subfield code="a">aepgnd</subfield>
      <subfield code="c">0,01783</subfield>
      <subfield code="d">20180803</subfield>
      <subfield code="q">DE-101</subfield>
      <subfield code="u">https://d-nb.info/provenance/plan#aepgnd</subfield>
    </datafield>
    <datafield tag="883" ind1="2" ind2=" ">
      <subfield code="8">7\p</subfield>
      <subfield code="a">dnb</subfield>
      <subfield code="d">20180809</subfield>
      <subfield code="q">DE-101</subfield>
      <subfield code="u">https://d-nb.info/provenance/plan#dnb</subfield>
    </datafield>
    <datafield tag="925" ind1="r" ind2=" ">
      <subfield code="a">rb</subfield>
    </datafield>
    <datafield tag="926" ind1="1" ind2=" ">
      <subfield code="a">A</subfield>
      <subfield code="o">93</subfield>
      <subfield code="q">Publisher</subfield>
      <subfield code="v">1.2</subfield>
      <subfield code="x">Kunst</subfield>
    </datafield>
    <datafield tag="926" ind1="2" ind2=" ">
      <subfield code="a">3MR</subfield>
      <subfield code="o">96</subfield>
      <subfield code="q">Publisher</subfield>
      <subfield code="v">1.2</subfield>
      <subfield code="x">21. Jahrhundert (2000 bis 2100 n. Chr.)</subfield>
    </datafield>
  </record></recordData><recordPosition>77</recordPosition></record>