<record><recordSchema>MARC21-xml</recordSchema><recordPacking>xml</recordPacking><recordData><record xmlns="http://www.loc.gov/MARC21/slim" type="Bibliographic">
    <leader>00000pam a2200000 c 4500</leader>
    <controlfield tag="001">1135581436</controlfield>
    <controlfield tag="003">DE-101</controlfield>
    <controlfield tag="005">20260223170207.0</controlfield>
    <controlfield tag="007">tu</controlfield>
    <controlfield tag="008">170619s2017    gw ||||| |||| 00||||ger  </controlfield>
    <datafield tag="015" ind1=" " ind2=" ">
      <subfield code="a">18,A05</subfield>
      <subfield code="z">17,N26</subfield>
      <subfield code="2">dnb</subfield>
    </datafield>
    <datafield tag="016" ind1="7" ind2=" ">
      <subfield code="2">DE-101</subfield>
      <subfield code="a">1135581436</subfield>
    </datafield>
    <datafield tag="020" ind1=" " ind2=" ">
      <subfield code="a">9783864422256</subfield>
      <subfield code="c">Festeinband : EUR 48.00 (DE), EUR 49.40 (AT)</subfield>
      <subfield code="9">978-3-86442-225-6</subfield>
    </datafield>
    <datafield tag="020" ind1=" " ind2=" ">
      <subfield code="a">3864422256</subfield>
      <subfield code="9">3-86442-225-6</subfield>
    </datafield>
    <datafield tag="024" ind1="3" ind2=" ">
      <subfield code="a">9783864422256</subfield>
    </datafield>
    <datafield tag="035" ind1=" " ind2=" ">
      <subfield code="a">(DE-599)DNB1135581436</subfield>
    </datafield>
    <datafield tag="035" ind1=" " ind2=" ">
      <subfield code="a">(OCoLC)1011396507</subfield>
    </datafield>
    <datafield tag="035" ind1=" " ind2=" ">
      <subfield code="a">(OCoLC)992437578</subfield>
    </datafield>
    <datafield tag="040" ind1=" " ind2=" ">
      <subfield code="a">1145</subfield>
      <subfield code="b">ger</subfield>
      <subfield code="c">DE-101</subfield>
      <subfield code="d">9999</subfield>
      <subfield code="e">rda</subfield>
    </datafield>
    <datafield tag="041" ind1=" " ind2=" ">
      <subfield code="a">ger</subfield>
    </datafield>
    <datafield tag="044" ind1=" " ind2=" ">
      <subfield code="c">XA-DE-NW</subfield>
    </datafield>
    <datafield tag="082" ind1="0" ind2="4">
      <subfield code="8">6\u</subfield>
      <subfield code="a">709.435954074</subfield>
      <subfield code="q">DE-101</subfield>
      <subfield code="2">22/ger</subfield>
    </datafield>
    <datafield tag="083" ind1="7" ind2=" ">
      <subfield code="8">7\p</subfield>
      <subfield code="a">700</subfield>
      <subfield code="q">DE-101</subfield>
      <subfield code="2">23sdnb</subfield>
    </datafield>
    <datafield tag="085" ind1=" " ind2=" ">
      <subfield code="8">6\u</subfield>
      <subfield code="b">709</subfield>
    </datafield>
    <datafield tag="085" ind1=" " ind2=" ">
      <subfield code="8">6\u</subfield>
      <subfield code="z">1</subfield>
      <subfield code="s">074</subfield>
    </datafield>
    <datafield tag="085" ind1=" " ind2=" ">
      <subfield code="8">6\u</subfield>
      <subfield code="z">2</subfield>
      <subfield code="s">435954</subfield>
    </datafield>
    <datafield tag="090" ind1=" " ind2=" ">
      <subfield code="a">b</subfield>
    </datafield>
    <datafield tag="245" ind1="0" ind2="0">
      <subfield code="a">RevonnaH</subfield>
      <subfield code="b">Kunst der Avantgarde in Hannover 1912-1933</subfield>
      <subfield code="c">herausgegeben von Karin Orchard ;  Sprengel Museum Hannover</subfield>
    </datafield>
    <datafield tag="264" ind1=" " ind2="1">
      <subfield code="a">Köln</subfield>
      <subfield code="b">Snoeck</subfield>
      <subfield code="c">[2017]</subfield>
    </datafield>
    <datafield tag="300" ind1=" " ind2=" ">
      <subfield code="a">335 Seiten</subfield>
      <subfield code="b">Illustrationen</subfield>
      <subfield code="c">27 cm</subfield>
    </datafield>
    <datafield tag="336" ind1=" " ind2=" ">
      <subfield code="a">Text</subfield>
      <subfield code="b">txt</subfield>
      <subfield code="2">rdacontent</subfield>
    </datafield>
    <datafield tag="337" ind1=" " ind2=" ">
      <subfield code="a">ohne Hilfsmittel zu benutzen</subfield>
      <subfield code="b">n</subfield>
      <subfield code="2">rdamedia</subfield>
    </datafield>
    <datafield tag="338" ind1=" " ind2=" ">
      <subfield code="a">Band</subfield>
      <subfield code="b">nc</subfield>
      <subfield code="2">rdacarrier</subfield>
    </datafield>
    <datafield tag="648" ind1=" " ind2="7">
      <subfield code="a">Geschichte 1912-1933</subfield>
      <subfield code="9">rswk-swf</subfield>
      <subfield code="2">gnd</subfield>
    </datafield>
    <datafield tag="650" ind1=" " ind2="7">
      <subfield code="0">(DE-588)4114333-4</subfield>
      <subfield code="0">https://d-nb.info/gnd/4114333-4</subfield>
      <subfield code="0">(DE-101)041143337</subfield>
      <subfield code="a">Kunst</subfield>
      <subfield code="9">rswk-swf</subfield>
      <subfield code="2">gnd</subfield>
    </datafield>
    <datafield tag="650" ind1=" " ind2="7">
      <subfield code="0">(DE-588)4133965-4</subfield>
      <subfield code="0">https://d-nb.info/gnd/4133965-4</subfield>
      <subfield code="0">(DE-101)041339657</subfield>
      <subfield code="a">Avantgarde</subfield>
      <subfield code="9">rswk-swf</subfield>
      <subfield code="2">gnd</subfield>
    </datafield>
    <datafield tag="651" ind1=" " ind2="7">
      <subfield code="0">(DE-588)4023349-2</subfield>
      <subfield code="0">https://d-nb.info/gnd/4023349-2</subfield>
      <subfield code="0">(DE-101)040233499</subfield>
      <subfield code="a">Hannover</subfield>
      <subfield code="9">rswk-swf</subfield>
      <subfield code="2">gnd</subfield>
    </datafield>
    <datafield tag="653" ind1=" " ind2=" ">
      <subfield code="a">(Produktform)Hardback</subfield>
    </datafield>
    <datafield tag="653" ind1=" " ind2=" ">
      <subfield code="a">(DDC-Sachgruppen der Deutschen Nationalbibliografie)700</subfield>
    </datafield>
    <datafield tag="653" ind1=" " ind2=" ">
      <subfield code="a">(VLB-WN)1582: Hardcover, Softcover / Kunst/Kunstgeschichte</subfield>
    </datafield>
    <datafield tag="655" ind1=" " ind2="7">
      <subfield code="0">(DE-588)4135467-9</subfield>
      <subfield code="0">https://d-nb.info/gnd/4135467-9</subfield>
      <subfield code="0">(DE-101)041354672</subfield>
      <subfield code="a">Ausstellungskatalog</subfield>
      <subfield code="x">Sprengel Museum Hannover</subfield>
      <subfield code="y">23.09.2017-07.01.2018</subfield>
      <subfield code="z">Hannover</subfield>
      <subfield code="2">gnd-content</subfield>
    </datafield>
    <datafield tag="689" ind1="0" ind2="0">
      <subfield code="0">(DE-588)4023349-2</subfield>
      <subfield code="0">https://d-nb.info/gnd/4023349-2</subfield>
      <subfield code="0">(DE-101)040233499</subfield>
      <subfield code="D">g</subfield>
      <subfield code="a">Hannover</subfield>
    </datafield>
    <datafield tag="689" ind1="0" ind2="1">
      <subfield code="0">(DE-588)4114333-4</subfield>
      <subfield code="0">https://d-nb.info/gnd/4114333-4</subfield>
      <subfield code="0">(DE-101)041143337</subfield>
      <subfield code="D">s</subfield>
      <subfield code="a">Kunst</subfield>
    </datafield>
    <datafield tag="689" ind1="0" ind2="2">
      <subfield code="0">(DE-588)4133965-4</subfield>
      <subfield code="0">https://d-nb.info/gnd/4133965-4</subfield>
      <subfield code="0">(DE-101)041339657</subfield>
      <subfield code="D">s</subfield>
      <subfield code="a">Avantgarde</subfield>
    </datafield>
    <datafield tag="689" ind1="0" ind2="3">
      <subfield code="A">z</subfield>
      <subfield code="a">Geschichte 1912-1933</subfield>
    </datafield>
    <datafield tag="689" ind1="0" ind2=" ">
      <subfield code="5">DE-101</subfield>
      <subfield code="5">DE-101</subfield>
    </datafield>
    <datafield tag="700" ind1="1" ind2=" ">
      <subfield code="a">Andratschke, Thomas</subfield>
      <subfield code="e">Verfasser</subfield>
      <subfield code="4">aut</subfield>
    </datafield>
    <datafield tag="700" ind1="1" ind2=" ">
      <subfield code="0">(DE-588)115431047</subfield>
      <subfield code="0">https://d-nb.info/gnd/115431047</subfield>
      <subfield code="0">(DE-101)115431047</subfield>
      <subfield code="a">Orchard, Karin</subfield>
      <subfield code="d">1961-</subfield>
      <subfield code="e">Herausgeber</subfield>
      <subfield code="4">edt</subfield>
      <subfield code="e">Verfasser</subfield>
      <subfield code="4">aut</subfield>
      <subfield code="2">gnd</subfield>
    </datafield>
    <datafield tag="700" ind1="1" ind2=" ">
      <subfield code="8">1\p</subfield>
      <subfield code="0">(DE-588)123238277</subfield>
      <subfield code="0">https://d-nb.info/gnd/123238277</subfield>
      <subfield code="0">(DE-101)123238277</subfield>
      <subfield code="a">Spieler, Reinhard</subfield>
      <subfield code="d">1964-</subfield>
      <subfield code="e">Herausgeber</subfield>
      <subfield code="4">edt</subfield>
      <subfield code="2">gnd</subfield>
    </datafield>
    <datafield tag="700" ind1="1" ind2=" ">
      <subfield code="8">2\p</subfield>
      <subfield code="0">(DE-588)115440917</subfield>
      <subfield code="0">https://d-nb.info/gnd/115440917</subfield>
      <subfield code="0">(DE-101)115440917</subfield>
      <subfield code="a">Hemken, Kai-Uwe</subfield>
      <subfield code="d">1962-</subfield>
      <subfield code="e">Verfasser</subfield>
      <subfield code="4">aut</subfield>
      <subfield code="2">gnd</subfield>
    </datafield>
    <datafield tag="700" ind1="1" ind2=" ">
      <subfield code="8">3\p</subfield>
      <subfield code="0">(DE-588)113431546</subfield>
      <subfield code="0">https://d-nb.info/gnd/113431546</subfield>
      <subfield code="0">(DE-101)113431546</subfield>
      <subfield code="a">Röske, Thomas</subfield>
      <subfield code="d">1962-</subfield>
      <subfield code="e">Verfasser</subfield>
      <subfield code="4">aut</subfield>
      <subfield code="2">gnd</subfield>
    </datafield>
    <datafield tag="700" ind1="1" ind2=" ">
      <subfield code="8">4\p</subfield>
      <subfield code="0">(DE-588)142482617</subfield>
      <subfield code="0">https://d-nb.info/gnd/142482617</subfield>
      <subfield code="0">(DE-101)142482617</subfield>
      <subfield code="a">Schulz, Isabel</subfield>
      <subfield code="d">1960-</subfield>
      <subfield code="e">Verfasser</subfield>
      <subfield code="4">aut</subfield>
      <subfield code="2">gnd</subfield>
    </datafield>
    <datafield tag="700" ind1="1" ind2=" ">
      <subfield code="a">Struck, Peter</subfield>
      <subfield code="e">Verfasser</subfield>
      <subfield code="4">aut</subfield>
    </datafield>
    <datafield tag="700" ind1="1" ind2=" ">
      <subfield code="a">Végh, Christina</subfield>
      <subfield code="e">Verfasser</subfield>
      <subfield code="4">aut</subfield>
    </datafield>
    <datafield tag="710" ind1="2" ind2=" ">
      <subfield code="8">5\p</subfield>
      <subfield code="0">(DE-588)1065500041</subfield>
      <subfield code="0">https://d-nb.info/gnd/1065500041</subfield>
      <subfield code="0">(DE-101)1065500041</subfield>
      <subfield code="a">Snoeck Verlagsgesellschaft</subfield>
      <subfield code="e">Verlag</subfield>
      <subfield code="4">pbl</subfield>
      <subfield code="2">gnd</subfield>
    </datafield>
    <datafield tag="850" ind1=" " ind2=" ">
      <subfield code="a">DE-101a</subfield>
      <subfield code="a">DE-101b</subfield>
    </datafield>
    <datafield tag="856" ind1="4" ind2="2">
      <subfield code="m">B:DE-101</subfield>
      <subfield code="q">application/pdf</subfield>
      <subfield code="u">https://d-nb.info/1135581436/04</subfield>
      <subfield code="3">Inhaltsverzeichnis</subfield>
    </datafield>
    <datafield tag="883" ind1=" " ind2=" ">
      <subfield code="8">1\p</subfield>
      <subfield code="a">cgwrk</subfield>
      <subfield code="d">20210314</subfield>
      <subfield code="q">DE-101</subfield>
      <subfield code="u">https://d-nb.info/provenance/plan#cgwrk</subfield>
    </datafield>
    <datafield tag="883" ind1=" " ind2=" ">
      <subfield code="8">2\p</subfield>
      <subfield code="a">cgwrk</subfield>
      <subfield code="d">20210314</subfield>
      <subfield code="q">DE-101</subfield>
      <subfield code="u">https://d-nb.info/provenance/plan#cgwrk</subfield>
    </datafield>
    <datafield tag="883" ind1="0" ind2=" ">
      <subfield code="8">3\p</subfield>
      <subfield code="a">ptc002</subfield>
      <subfield code="d">20260117</subfield>
      <subfield code="q">DE-101</subfield>
      <subfield code="u">https://d-nb.info/provenance/plan#ptc002</subfield>
    </datafield>
    <datafield tag="883" ind1="0" ind2=" ">
      <subfield code="8">4\p</subfield>
      <subfield code="a">ptc001</subfield>
      <subfield code="d">20241210</subfield>
      <subfield code="q">DE-101</subfield>
      <subfield code="u">https://d-nb.info/provenance/plan#ptc001</subfield>
    </datafield>
    <datafield tag="883" ind1="1" ind2=" ">
      <subfield code="8">5\p</subfield>
      <subfield code="a">adb</subfield>
      <subfield code="d">20211003</subfield>
      <subfield code="q">DE-101</subfield>
      <subfield code="u">https://d-nb.info/provenance/plan#adb</subfield>
    </datafield>
    <datafield tag="883" ind1="2" ind2=" ">
      <subfield code="8">7\p</subfield>
      <subfield code="a">dnb</subfield>
      <subfield code="d">20180123</subfield>
      <subfield code="q">DE-101</subfield>
      <subfield code="u">https://d-nb.info/provenance/plan#dnb</subfield>
    </datafield>
    <datafield tag="925" ind1="r" ind2=" ">
      <subfield code="a">ra</subfield>
    </datafield>
  </record></recordData><recordPosition>81</recordPosition></record>