<record><recordSchema>MARC21-xml</recordSchema><recordPacking>xml</recordPacking><recordData><record xmlns="http://www.loc.gov/MARC21/slim" type="Bibliographic">
    <leader>00000pam a2200000 c 4500</leader>
    <controlfield tag="001">1115202537</controlfield>
    <controlfield tag="003">DE-101</controlfield>
    <controlfield tag="005">20171203050458.0</controlfield>
    <controlfield tag="007">tu</controlfield>
    <controlfield tag="008">161004s2016    gw ||||| |||| 00||||ger  </controlfield>
    <datafield tag="015" ind1=" " ind2=" ">
      <subfield code="a">16,A47</subfield>
      <subfield code="z">16,N41</subfield>
      <subfield code="2">dnb</subfield>
    </datafield>
    <datafield tag="016" ind1="7" ind2=" ">
      <subfield code="2">DE-101</subfield>
      <subfield code="a">1115202537</subfield>
    </datafield>
    <datafield tag="020" ind1=" " ind2=" ">
      <subfield code="a">9783945497029</subfield>
      <subfield code="c">Festeinband : EUR 12.99 (DE), EUR 13.40 (AT)</subfield>
      <subfield code="9">978-3-945497-02-9</subfield>
    </datafield>
    <datafield tag="020" ind1=" " ind2=" ">
      <subfield code="a">3945497027</subfield>
      <subfield code="9">3-945497-02-7</subfield>
    </datafield>
    <datafield tag="024" ind1="3" ind2=" ">
      <subfield code="a">9783945497029</subfield>
    </datafield>
    <datafield tag="035" ind1=" " ind2=" ">
      <subfield code="a">(DE-599)DNB1115202537</subfield>
    </datafield>
    <datafield tag="035" ind1=" " ind2=" ">
      <subfield code="a">(OCoLC)960885875</subfield>
    </datafield>
    <datafield tag="040" ind1=" " ind2=" ">
      <subfield code="a">1245</subfield>
      <subfield code="b">ger</subfield>
      <subfield code="c">DE-101</subfield>
      <subfield code="d">9999</subfield>
      <subfield code="e">rda</subfield>
    </datafield>
    <datafield tag="041" ind1=" " ind2=" ">
      <subfield code="a">ger</subfield>
    </datafield>
    <datafield tag="044" ind1=" " ind2=" ">
      <subfield code="c">XA-DE-NI</subfield>
    </datafield>
    <datafield tag="082" ind1="7" ind2="4">
      <subfield code="8">2\p</subfield>
      <subfield code="a">K</subfield>
      <subfield code="q">DE-101</subfield>
      <subfield code="2">23sdnb</subfield>
    </datafield>
    <datafield tag="090" ind1=" " ind2=" ">
      <subfield code="a">b</subfield>
    </datafield>
    <datafield tag="100" ind1="1" ind2=" ">
      <subfield code="0">(DE-588)124189156</subfield>
      <subfield code="0">https://d-nb.info/gnd/124189156</subfield>
      <subfield code="0">(DE-101)124189156</subfield>
      <subfield code="a">Siegner, Ingo</subfield>
      <subfield code="d">1965-</subfield>
      <subfield code="e">Verfasser</subfield>
      <subfield code="4">aut</subfield>
      <subfield code="e">Künstler</subfield>
      <subfield code="4">art</subfield>
      <subfield code="2">gnd</subfield>
    </datafield>
    <datafield tag="245" ind1="1" ind2="0">
      <subfield code="a">Erdmännchen Gustav - Kunstraub im Sprengel Museum</subfield>
      <subfield code="c">Ingo Siegner</subfield>
    </datafield>
    <datafield tag="250" ind1=" " ind2=" ">
      <subfield code="a">1. Auflage</subfield>
    </datafield>
    <datafield tag="264" ind1=" " ind2="1">
      <subfield code="a">Hannover</subfield>
      <subfield code="b">Leuenhagen &amp; Paris</subfield>
      <subfield code="c">November 2016</subfield>
    </datafield>
    <datafield tag="300" ind1=" " ind2=" ">
      <subfield code="a">circa 34 Seiten</subfield>
      <subfield code="c">29 cm, 388 g</subfield>
    </datafield>
    <datafield tag="336" ind1=" " ind2=" ">
      <subfield code="a">Text</subfield>
      <subfield code="b">txt</subfield>
      <subfield code="2">rdacontent</subfield>
    </datafield>
    <datafield tag="336" ind1=" " ind2=" ">
      <subfield code="a">unbewegtes Bild</subfield>
      <subfield code="b">sti</subfield>
      <subfield code="2">rdacontent</subfield>
    </datafield>
    <datafield tag="337" ind1=" " ind2=" ">
      <subfield code="a">ohne Hilfsmittel zu benutzen</subfield>
      <subfield code="b">n</subfield>
      <subfield code="2">rdamedia</subfield>
    </datafield>
    <datafield tag="338" ind1=" " ind2=" ">
      <subfield code="a">Band</subfield>
      <subfield code="b">nc</subfield>
      <subfield code="2">rdacarrier</subfield>
    </datafield>
    <datafield tag="385" ind1=" " ind2=" ">
      <subfield code="0">(DE-588)4030550-8</subfield>
      <subfield code="0">https://d-nb.info/gnd/4030550-8</subfield>
      <subfield code="0">(DE-101)040305503</subfield>
      <subfield code="a">Kind</subfield>
      <subfield code="2">gnd</subfield>
    </datafield>
    <datafield tag="610" ind1="2" ind2="7">
      <subfield code="0">(DE-588)2083948-0</subfield>
      <subfield code="0">https://d-nb.info/gnd/2083948-0</subfield>
      <subfield code="0">(DE-101)007332122</subfield>
      <subfield code="a">Sprengel Museum Hannover</subfield>
      <subfield code="9">rswk-swf</subfield>
      <subfield code="2">gnd</subfield>
    </datafield>
    <datafield tag="650" ind1=" " ind2="7">
      <subfield code="0">(DE-588)4122164-3</subfield>
      <subfield code="0">https://d-nb.info/gnd/4122164-3</subfield>
      <subfield code="0">(DE-101)041221648</subfield>
      <subfield code="a">Gemälde</subfield>
      <subfield code="9">rswk-swf</subfield>
      <subfield code="2">gnd</subfield>
    </datafield>
    <datafield tag="650" ind1=" " ind2="7">
      <subfield code="0">(DE-588)4133306-8</subfield>
      <subfield code="0">https://d-nb.info/gnd/4133306-8</subfield>
      <subfield code="0">(DE-101)041333063</subfield>
      <subfield code="a">Diebstahl</subfield>
      <subfield code="9">rswk-swf</subfield>
      <subfield code="2">gnd</subfield>
    </datafield>
    <datafield tag="650" ind1=" " ind2="7">
      <subfield code="0">(DE-588)4067966-4</subfield>
      <subfield code="0">https://d-nb.info/gnd/4067966-4</subfield>
      <subfield code="0">(DE-101)040679667</subfield>
      <subfield code="a">Zootiere</subfield>
      <subfield code="9">rswk-swf</subfield>
      <subfield code="2">gnd</subfield>
    </datafield>
    <datafield tag="650" ind1=" " ind2="7">
      <subfield code="0">(DE-588)4152677-6</subfield>
      <subfield code="0">https://d-nb.info/gnd/4152677-6</subfield>
      <subfield code="0">(DE-101)041526775</subfield>
      <subfield code="a">Erdmännchen</subfield>
      <subfield code="9">rswk-swf</subfield>
      <subfield code="2">gnd</subfield>
    </datafield>
    <datafield tag="650" ind1=" " ind2="7">
      <subfield code="0">(DE-588)4236561-2</subfield>
      <subfield code="0">https://d-nb.info/gnd/4236561-2</subfield>
      <subfield code="0">(DE-101)042365619</subfield>
      <subfield code="a">Aufklärung</subfield>
      <subfield code="g">Kriminologie</subfield>
      <subfield code="9">rswk-swf</subfield>
      <subfield code="2">gnd</subfield>
    </datafield>
    <datafield tag="653" ind1=" " ind2=" ">
      <subfield code="a">(Produktform)Hardback</subfield>
    </datafield>
    <datafield tag="653" ind1=" " ind2=" ">
      <subfield code="a">(Zielgruppe)Kinder/Jugendliche</subfield>
    </datafield>
    <datafield tag="653" ind1=" " ind2=" ">
      <subfield code="a">Erdmännchen</subfield>
    </datafield>
    <datafield tag="653" ind1=" " ind2=" ">
      <subfield code="a">Hannover</subfield>
    </datafield>
    <datafield tag="653" ind1=" " ind2=" ">
      <subfield code="a">Sprengel Museum</subfield>
    </datafield>
    <datafield tag="653" ind1=" " ind2=" ">
      <subfield code="a">Zoo</subfield>
    </datafield>
    <datafield tag="653" ind1=" " ind2=" ">
      <subfield code="a">(VLB-WN)1211: Hardcover, Softcover / Kinder- und Jugendbücher/Erzählerische Bilderbücher</subfield>
    </datafield>
    <datafield tag="655" ind1=" " ind2="7">
      <subfield code="0">(DE-588)4303251-5</subfield>
      <subfield code="0">https://d-nb.info/gnd/4303251-5</subfield>
      <subfield code="0">(DE-101)043032516</subfield>
      <subfield code="a">Kinderbuch</subfield>
      <subfield code="2">gnd-content</subfield>
    </datafield>
    <datafield tag="655" ind1=" " ind2="7">
      <subfield code="0">(DE-101)1010673823</subfield>
      <subfield code="a">Erzählerische Bilderbücher</subfield>
      <subfield code="2">gatbeg</subfield>
    </datafield>
    <datafield tag="689" ind1="0" ind2="0">
      <subfield code="0">(DE-588)2083948-0</subfield>
      <subfield code="0">https://d-nb.info/gnd/2083948-0</subfield>
      <subfield code="0">(DE-101)007332122</subfield>
      <subfield code="D">b</subfield>
      <subfield code="a">Sprengel Museum Hannover</subfield>
    </datafield>
    <datafield tag="689" ind1="0" ind2="1">
      <subfield code="0">(DE-588)4122164-3</subfield>
      <subfield code="0">https://d-nb.info/gnd/4122164-3</subfield>
      <subfield code="0">(DE-101)041221648</subfield>
      <subfield code="D">s</subfield>
      <subfield code="a">Gemälde</subfield>
    </datafield>
    <datafield tag="689" ind1="0" ind2="2">
      <subfield code="0">(DE-588)4133306-8</subfield>
      <subfield code="0">https://d-nb.info/gnd/4133306-8</subfield>
      <subfield code="0">(DE-101)041333063</subfield>
      <subfield code="D">s</subfield>
      <subfield code="a">Diebstahl</subfield>
    </datafield>
    <datafield tag="689" ind1="0" ind2="3">
      <subfield code="0">(DE-588)4067966-4</subfield>
      <subfield code="0">https://d-nb.info/gnd/4067966-4</subfield>
      <subfield code="0">(DE-101)040679667</subfield>
      <subfield code="D">s</subfield>
      <subfield code="a">Zootiere</subfield>
    </datafield>
    <datafield tag="689" ind1="0" ind2="4">
      <subfield code="0">(DE-588)4152677-6</subfield>
      <subfield code="0">https://d-nb.info/gnd/4152677-6</subfield>
      <subfield code="0">(DE-101)041526775</subfield>
      <subfield code="D">s</subfield>
      <subfield code="a">Erdmännchen</subfield>
    </datafield>
    <datafield tag="689" ind1="0" ind2="5">
      <subfield code="0">(DE-588)4236561-2</subfield>
      <subfield code="0">https://d-nb.info/gnd/4236561-2</subfield>
      <subfield code="0">(DE-101)042365619</subfield>
      <subfield code="D">s</subfield>
      <subfield code="a">Aufklärung</subfield>
      <subfield code="g">Kriminologie</subfield>
    </datafield>
    <datafield tag="689" ind1="0" ind2=" ">
      <subfield code="5">DE-101</subfield>
      <subfield code="5">DE-101</subfield>
    </datafield>
    <datafield tag="710" ind1="2" ind2=" ">
      <subfield code="8">1\p</subfield>
      <subfield code="0">(DE-588)1065098588</subfield>
      <subfield code="0">https://d-nb.info/gnd/1065098588</subfield>
      <subfield code="0">(DE-101)1065098588</subfield>
      <subfield code="a">Leuenhagen &amp; Paris</subfield>
      <subfield code="e">Verlag</subfield>
      <subfield code="4">pbl</subfield>
      <subfield code="2">gnd</subfield>
    </datafield>
    <datafield tag="850" ind1=" " ind2=" ">
      <subfield code="a">DE-101a</subfield>
      <subfield code="a">DE-101b</subfield>
    </datafield>
    <datafield tag="883" ind1="1" ind2=" ">
      <subfield code="8">1\p</subfield>
      <subfield code="a">adb</subfield>
      <subfield code="d">20211002</subfield>
      <subfield code="q">DE-101</subfield>
      <subfield code="u">https://d-nb.info/provenance/plan#adb</subfield>
    </datafield>
    <datafield tag="883" ind1="2" ind2=" ">
      <subfield code="8">2\p</subfield>
      <subfield code="a">dnb</subfield>
      <subfield code="d">20160229</subfield>
      <subfield code="q">DE-101</subfield>
      <subfield code="u">https://d-nb.info/provenance/plan#dnb</subfield>
    </datafield>
    <datafield tag="925" ind1="r" ind2=" ">
      <subfield code="a">ra</subfield>
    </datafield>
  </record></recordData><recordPosition>85</recordPosition></record>