<record><recordSchema>MARC21-xml</recordSchema><recordPacking>xml</recordPacking><recordData><record xmlns="http://www.loc.gov/MARC21/slim" type="Bibliographic">
    <leader>00000pam a2200000 c 4500</leader>
    <controlfield tag="001">1076877788</controlfield>
    <controlfield tag="003">DE-101</controlfield>
    <controlfield tag="005">20190930095510.0</controlfield>
    <controlfield tag="007">tu</controlfield>
    <controlfield tag="008">150924s2015    gw ||||| |||| 00||||eng  </controlfield>
    <datafield tag="015" ind1=" " ind2=" ">
      <subfield code="a">16,B04</subfield>
      <subfield code="z">15,N40</subfield>
      <subfield code="2">dnb</subfield>
    </datafield>
    <datafield tag="016" ind1="7" ind2=" ">
      <subfield code="2">DE-101</subfield>
      <subfield code="a">1076877788</subfield>
    </datafield>
    <datafield tag="020" ind1=" " ind2=" ">
      <subfield code="a">9783891692363</subfield>
      <subfield code="c">Broschur : EUR 10.00 (DE), EUR 10.30 (AT)</subfield>
      <subfield code="9">978-3-89169-236-3</subfield>
    </datafield>
    <datafield tag="020" ind1=" " ind2=" ">
      <subfield code="a">3891692366</subfield>
      <subfield code="9">3-89169-236-6</subfield>
    </datafield>
    <datafield tag="024" ind1="3" ind2=" ">
      <subfield code="a">9783891692363</subfield>
    </datafield>
    <datafield tag="035" ind1=" " ind2=" ">
      <subfield code="a">(DE-599)DNB1076877788</subfield>
    </datafield>
    <datafield tag="035" ind1=" " ind2=" ">
      <subfield code="a">(OCoLC)922715993</subfield>
    </datafield>
    <datafield tag="040" ind1=" " ind2=" ">
      <subfield code="a">1245</subfield>
      <subfield code="b">ger</subfield>
      <subfield code="c">DE-101</subfield>
      <subfield code="d">1240</subfield>
      <subfield code="e">rda</subfield>
    </datafield>
    <datafield tag="041" ind1=" " ind2=" ">
      <subfield code="a">eng</subfield>
      <subfield code="a">ger</subfield>
    </datafield>
    <datafield tag="044" ind1=" " ind2=" ">
      <subfield code="c">XA-DE-NI</subfield>
    </datafield>
    <datafield tag="082" ind1="0" ind2="4">
      <subfield code="8">4\u</subfield>
      <subfield code="a">727.709435954</subfield>
      <subfield code="q">DE-101</subfield>
      <subfield code="2">22/ger</subfield>
    </datafield>
    <datafield tag="083" ind1="0" ind2=" ">
      <subfield code="8">5\u</subfield>
      <subfield code="a">709.0512074435954</subfield>
      <subfield code="q">DE-101</subfield>
      <subfield code="2">22/ger</subfield>
    </datafield>
    <datafield tag="083" ind1="7" ind2=" ">
      <subfield code="8">6\p</subfield>
      <subfield code="a">720</subfield>
      <subfield code="a">700</subfield>
      <subfield code="q">DE-101</subfield>
      <subfield code="2">23sdnb</subfield>
    </datafield>
    <datafield tag="085" ind1=" " ind2=" ">
      <subfield code="8">4\u</subfield>
      <subfield code="b">727.7</subfield>
    </datafield>
    <datafield tag="085" ind1=" " ind2=" ">
      <subfield code="8">4\u</subfield>
      <subfield code="z">1</subfield>
      <subfield code="s">09</subfield>
    </datafield>
    <datafield tag="085" ind1=" " ind2=" ">
      <subfield code="8">4\u</subfield>
      <subfield code="z">2</subfield>
      <subfield code="s">435954</subfield>
    </datafield>
    <datafield tag="085" ind1=" " ind2=" ">
      <subfield code="8">5\u</subfield>
      <subfield code="b">709.05</subfield>
    </datafield>
    <datafield tag="085" ind1=" " ind2=" ">
      <subfield code="8">5\u</subfield>
      <subfield code="z">1</subfield>
      <subfield code="s">090512</subfield>
    </datafield>
    <datafield tag="085" ind1=" " ind2=" ">
      <subfield code="8">5\u</subfield>
      <subfield code="z">1</subfield>
      <subfield code="s">074</subfield>
    </datafield>
    <datafield tag="085" ind1=" " ind2=" ">
      <subfield code="8">5\u</subfield>
      <subfield code="z">2</subfield>
      <subfield code="s">435954</subfield>
    </datafield>
    <datafield tag="090" ind1=" " ind2=" ">
      <subfield code="a">b</subfield>
    </datafield>
    <datafield tag="245" ind1="0" ind2="0">
      <subfield code="a">Zehn Räume, drei Loggien und ein Saal: das neue Sprengel Museum</subfield>
      <subfield code="b">= Ten rooms, three loggias and a hall: the new Sprengel Museum</subfield>
      <subfield code="c">Übersetzung Anthony DePasquale</subfield>
    </datafield>
    <datafield tag="246" ind1="1" ind2="1">
      <subfield code="a">Ten rooms, three loggias and a hall: the new Sprengel Museum</subfield>
    </datafield>
    <datafield tag="264" ind1=" " ind2="1">
      <subfield code="a">Hannover</subfield>
      <subfield code="b">Sprengel Museum</subfield>
      <subfield code="c">[2015]</subfield>
    </datafield>
    <datafield tag="300" ind1=" " ind2=" ">
      <subfield code="a">94 Seiten</subfield>
      <subfield code="c">34 cm, 620 g</subfield>
    </datafield>
    <datafield tag="336" ind1=" " ind2=" ">
      <subfield code="a">Text</subfield>
      <subfield code="b">txt</subfield>
      <subfield code="2">rdacontent</subfield>
    </datafield>
    <datafield tag="336" ind1=" " ind2=" ">
      <subfield code="a">unbewegtes Bild</subfield>
      <subfield code="b">sti</subfield>
      <subfield code="2">rdacontent</subfield>
    </datafield>
    <datafield tag="337" ind1=" " ind2=" ">
      <subfield code="a">ohne Hilfsmittel zu benutzen</subfield>
      <subfield code="b">n</subfield>
      <subfield code="2">rdamedia</subfield>
    </datafield>
    <datafield tag="338" ind1=" " ind2=" ">
      <subfield code="a">Band</subfield>
      <subfield code="b">nc</subfield>
      <subfield code="2">rdacarrier</subfield>
    </datafield>
    <datafield tag="653" ind1=" " ind2=" ">
      <subfield code="a">(Produktform)Paperback / softback</subfield>
    </datafield>
    <datafield tag="653" ind1=" " ind2=" ">
      <subfield code="a">(Zielgruppe)Allgemein</subfield>
    </datafield>
    <datafield tag="653" ind1=" " ind2=" ">
      <subfield code="a">(Zielgruppe)Museumsbesucher, Kunstinteressierte aller Altersgruppen</subfield>
    </datafield>
    <datafield tag="653" ind1=" " ind2=" ">
      <subfield code="a">Zeitgenössische Kunst</subfield>
    </datafield>
    <datafield tag="653" ind1=" " ind2=" ">
      <subfield code="a">Architektur</subfield>
    </datafield>
    <datafield tag="653" ind1=" " ind2=" ">
      <subfield code="a">Erweiterungsbau</subfield>
    </datafield>
    <datafield tag="653" ind1=" " ind2=" ">
      <subfield code="a">(VLB-WN)1584: Hardcover, Softcover / Kunst/Architektur</subfield>
    </datafield>
    <datafield tag="655" ind1=" " ind2="7">
      <subfield code="0">(DE-588)4135467-9</subfield>
      <subfield code="0">https://d-nb.info/gnd/4135467-9</subfield>
      <subfield code="0">(DE-101)041354672</subfield>
      <subfield code="a">Ausstellungskatalog</subfield>
      <subfield code="x">Sprengel Museum Hannover</subfield>
      <subfield code="y">19.09.2015-10.01.2016</subfield>
      <subfield code="z">Hannover</subfield>
      <subfield code="2">gnd-content</subfield>
    </datafield>
    <datafield tag="700" ind1="1" ind2=" ">
      <subfield code="8">1\p</subfield>
      <subfield code="0">(DE-588)119417634</subfield>
      <subfield code="0">https://d-nb.info/gnd/119417634</subfield>
      <subfield code="0">(DE-101)119417634</subfield>
      <subfield code="a">Dreßen, Markus</subfield>
      <subfield code="d">1971-</subfield>
      <subfield code="e">Mitwirkender</subfield>
      <subfield code="4">ctb</subfield>
      <subfield code="2">gnd</subfield>
    </datafield>
    <datafield tag="700" ind1="1" ind2=" ">
      <subfield code="8">2\p</subfield>
      <subfield code="0">(DE-588)123238277</subfield>
      <subfield code="0">https://d-nb.info/gnd/123238277</subfield>
      <subfield code="0">(DE-101)123238277</subfield>
      <subfield code="a">Spieler, Reinhard</subfield>
      <subfield code="d">1964-</subfield>
      <subfield code="e">Mitwirkender</subfield>
      <subfield code="4">ctb</subfield>
      <subfield code="2">gnd</subfield>
    </datafield>
    <datafield tag="710" ind1="2" ind2=" ">
      <subfield code="8">3\p</subfield>
      <subfield code="0">(DE-588)2083948-0</subfield>
      <subfield code="0">https://d-nb.info/gnd/2083948-0</subfield>
      <subfield code="0">(DE-101)007332122</subfield>
      <subfield code="a">Sprengel Museum Hannover</subfield>
      <subfield code="e">Verlag</subfield>
      <subfield code="4">pbl</subfield>
      <subfield code="2">gnd</subfield>
    </datafield>
    <datafield tag="850" ind1=" " ind2=" ">
      <subfield code="a">DE-101a</subfield>
      <subfield code="a">DE-101b</subfield>
    </datafield>
    <datafield tag="856" ind1="4" ind2="2">
      <subfield code="m">B:DE-101</subfield>
      <subfield code="q">application/pdf</subfield>
      <subfield code="u">https://d-nb.info/1076877788/04</subfield>
      <subfield code="3">Inhaltsverzeichnis</subfield>
    </datafield>
    <datafield tag="883" ind1=" " ind2=" ">
      <subfield code="8">1\p</subfield>
      <subfield code="a">cgwrk</subfield>
      <subfield code="d">20210314</subfield>
      <subfield code="q">DE-101</subfield>
      <subfield code="u">https://d-nb.info/provenance/plan#cgwrk</subfield>
    </datafield>
    <datafield tag="883" ind1=" " ind2=" ">
      <subfield code="8">2\p</subfield>
      <subfield code="a">cgwrk</subfield>
      <subfield code="d">20210314</subfield>
      <subfield code="q">DE-101</subfield>
      <subfield code="u">https://d-nb.info/provenance/plan#cgwrk</subfield>
    </datafield>
    <datafield tag="883" ind1="1" ind2=" ">
      <subfield code="8">3\p</subfield>
      <subfield code="a">adb</subfield>
      <subfield code="d">20211002</subfield>
      <subfield code="q">DE-101</subfield>
      <subfield code="u">https://d-nb.info/provenance/plan#adb</subfield>
    </datafield>
    <datafield tag="883" ind1="2" ind2=" ">
      <subfield code="8">6\p</subfield>
      <subfield code="a">dnb</subfield>
      <subfield code="d">20160229</subfield>
      <subfield code="q">DE-101</subfield>
      <subfield code="u">https://d-nb.info/provenance/plan#dnb</subfield>
    </datafield>
    <datafield tag="925" ind1="r" ind2=" ">
      <subfield code="a">rb</subfield>
    </datafield>
    <datafield tag="926" ind1="1" ind2=" ">
      <subfield code="a">A</subfield>
      <subfield code="o">93</subfield>
      <subfield code="q">Publisher</subfield>
      <subfield code="v">1.1</subfield>
      <subfield code="x">Kunst</subfield>
    </datafield>
  </record></recordData><recordPosition>98</recordPosition></record>